3240 5040
1232 310 1235 315 ’
1328 340 1369 400 39

215 493 398 554 Debemur
422 491 526 553 morti
549 511 614 555 nos
638 500 842 572 nostraque.
1208 506 1296 574 [Ap.
1317 508 1369 576 63]

629 610 796 674 Mortalia
820 610 916 674 facta
939 613 1124 693 peribunt:

213 700 355 762 Nedum
378 719 580 762 sermonum
604 708 674 761 stet
697 701 811 761 honos
836 708 871 761 et
894 699 1012 781 gratia
1034 700 1190 851 vivax.[A
1265 787 1297 834 68
1359 784 1366 850 ]

1194 803 1244 851 .p.
1318 801 1357 849 sq.

216 888 366 973 Singula
390 908 550 971 quaeque
575 891 692 951 locum
717 898 873 970 teneant,
898 889 1024 952 sortita
1047 892 1244 952 decentem.

1207 991 1251 1058 [A-
1271 1010 1295 1059 r>-
1316 992 1367 1060 92i

213 1099 421 1162 Parturiunt
445 1107 593 1177 montes
619 1107 788 1159 nascetur
812 1098 984 1160 ridiculus
1009 1118 1097 1160 mus.
1184 1115 1230 1182 [A.
1250 1133 1275 1181 p.
1298 1114 1366 1183 133]

214 1249 330 1317 Multa
353 1252 473 1315 ferunt
498 1253 580 1314 anni
603 1254 790 1316 venientes
815 1255 1002 1316 commoda
1025 1273 1156 1332 secum,

214 1342 328 1404 Multa
352 1342 564 1403 recedentes
589 1340 758 1403 adimunt.
1139 1356 1183 1423 [A.
1203 1375 1228 1422 p.
1251 1371 1297 1422 175
1319 1358 1367 1424 sq.[

215 1496 370 1581 Segnius
395 1497 534 1559 irritant
559 1497 693 1558 animos
718 1497 872 1558 demissa
894 1516 959 1578 per
983 1516 1115 1577 aurem,

214 1584 328 1664 Quam
353 1603 444 1665 quae
469 1593 550 1645 sunt
575 1584 687 1646 oculis
712 1584 876 1645 subiecta
898 1582 1063 1647 fidelibus
1089 1593 1124 1645 et
1148 1603 1238 1665 quae

216 1672 297 1752 Ipse
324 1671 392 1733 sibi
416 1671 525 1732 tradit
549 1679 740 1752 spectator.
1118 1686 1163 1753 [A.
1182 1704 1207 1752 p.
1231 1687 1279 1737 180
1298 1686 1368 1754 sqq.]

256 1829 351 1890 Data
373 1826 548 1890 Romanis
572 1827 677 1889 uenia
701 1836 756 1888 ast
779 1827 928 1909 indigna
951 1827 1076 1909 poetis.
1179 1841 1273 1911 [Ap.
1294 1842 1366 1909 263.]

549 1985 625 2048 Vos
650 1986 867 2067 exemplaria
892 1984 1035 2049 Graeca

212 2073 398 2135 Nocturna
420 2081 564 2135 versate
589 2092 704 2153 manu,
728 2083 871 2135 versate
895 2073 1033 2134 diurna.
1091 2101 1094 2106 ·
1136 2089 1185 2154 [A.
1203 2105 1228 2153 p.
1249 2088 1299 2138 268
1319 2087 1370 2155 sq.]

212 2212 335 2274 Verba
357 2212 604 2293 —provisam
628 2232 702 2274 rem
726 2232 796 2274 non
821 2212 932 2273 invita
955 2222 1160 2293 sequentur.
1193 2226 1239 2296 [A.
1253 2246 1279 2294 p.
1298 2227 1369 2297 311.]

213 2352 412 2433 Respicere
437 2353 621 2433 exemplar
644 2353 739 2414 vitae
763 2371 971 2434 morumque
995 2352 1129 2414 iubebo

213 2439 368 2502 Doctum
392 2439 604 2504 imitatorem
629 2449 664 2501 et
687 2439 791 2502 vivas
814 2440 898 2502 hinc
923 2441 1057 2501 ducere
1080 2457 1200 2501 voces,

1136 2539 1182 2608 [A·
1202 2559 1227 2606 n·
1248 2554 1297 2606 317
1318 2541 1369 2609 sqst

215 2612 333 2676 Graiis
356 2612 550 2694 ingenium,
576 2611 692 2676 Graiis
717 2613 816 2674 dedit
839 2630 901 2672 ore
924 2613 1078 2673 rotundo

213 2700 319 2760 Musa
342 2700 448 2781 loqui,
472 2709 617 2781 praeter
639 2701 781 2762 laudem
804 2698 935 2760 nullius
961 2699 1085 2760 avaris.
1141 2714 1187 2783 [A.
1202 2733 1227 2781 p.
1247 2729 1298 2779 323
1318 2715 1368 2784 sq.]

214 2839 288 2900 Aut
312 2839 485 2920 prodesse
509 2840 645 2918 volunt,
671 2849 731 2901 aut
756 2831 937 2900 delectare
961 2849 1100 2919 poetae,

214 2927 290 2987 Aut
314 2925 418 2987 simul
442 2936 478 2988 et
501 2926 657 2988 iucunda
682 2935 718 2988 et
741 2925 871 2987 idonea
894 2925 1014 2988 dicere
1038 2925 1144 2989 vitae.

1106 3046 1107 3049 ’
1134 3027 1180 3096 [A-
1201 3047 1227 3094 p·
1247 3041 1297 3092 333
1317 3028 1367 3096 su]

214 3135 396 3216 Quidquid
420 3135 630 3217 praecipies
655 3144 733 3197 esto
755 3135 888 3213 brevis,
914 3143 953 3196 ut
977 3134 1047 3197 cito
1073 3135 1168 3197 dicta

215 3222 422 3304 Percipiant
445 3223 551 3284 animi
575 3223 710 3294 dociles
735 3229 953 3301 teneantque
977 3219 1120 3295 fideles3

214 3307 328 3371 Omne
353 3329 617 3404 supervacuum
641 3310 749 3391 pleno
774 3309 990 3389 depectere
1014 3318 1153 3462 manqq
1358 3394 1366 3462 l

1156 3431 1161 3444 ·
1182 3413 1207 3461 P·
1228 3408 1277 3460 335
1298 3412 1354 3459 599·

212 3498 326 3563 Omne
350 3503 431 3582 tulit
453 3511 635 3584 punctum,
660 3500 721 3582 qui
745 3501 884 3563 miscuit
908 3500 994 3563 utile
1020 3501 1126 3581 dulci,

182 3602 187 3611 ‘
211 3587 400 3651 Lectorem
424 3590 639 3651 delectando
664 3589 870 3669 pariterque
895 3589 1082 3650 monendo.
1127 3601 1174 3670 [A.
1193 3620 1218 3668 p.
1239 3615 1297 3667 343·
1318 3602 1366 3670 sq]

211 3726 303 3791 Sunt
328 3728 462 3790 delicta
482 3765 535 3809 -—‚
560 3729 692 3809 quibus
715 3728 898 3810 ignovisse
922 3727 1089 3800 velimus;

211 3815 301 3877 Nam
333 3834 450 3896 neque
480 3817 615 3878 chorda
642 3835 769 3878 sonum
797 3816 925 3894 reddit,
950 3834 1057 3895 quem
1081 3814 1158 3875 vult
1182 3832 1306 3875 manus
1331 3821 1366 3874 et

1047 3920 1158 3980 mens,

210 3987 286 4050 Nec
311 3991 451 4070 semper
474 3988 590 4071 feriet,
615 3992 868 4070 quodcumque
892 3988 1087 4051 minabitur
1113 4007 1229 4141 fficus'
1354 4071 1364 4139 ]

1156 4109 1161 4122 ·
1180 4091 1205 4139 P·
1225 4085 1275 4136 347
1296 4089 1351 4136 599·

297 4179 370 4241 Ubi
394 4180 497 4261 plura
520 4181 635 4244 nitent
658 4182 694 4244 in
719 4182 886 4261 carmine,
910 4200 981 4242 non
1006 4200 1077 4263 ego
1101 4180 1227 4262 paucis

209 4264 382 4330 Offendar
406 4268 564 4347 maculis,
590 4287 681 4349 quas
706 4277 765 4329 aut
789 4269 928 4329 incuria
950 4267 1044 4329 fudit

209 4354 284 4414 Aut
307 4354 464 4416 humana
486 4374 611 4436 parum
635 4354 730 4417 cavit
754 4363 892 4416 natura.
1116 4369 1161 4438 [A.
1181 4388 1206 4436 p.
1228 4382 1274 4433 351
1297 4368 1363 4436 sqq.]

209 4491 392 4575 indignor,
417 4496 633 4575 quandoque
656 4498 773 4557 bonus
798 4493 967 4556 dormitat
989 4493 1178 4556 Homerus

206 4577 341 4641 Verum
366 4581 465 4660 operi
489 4583 598 4663 longo
622 4580 676 4643 fas
693 4591 747 4644 est
764 4583 938 4662 obrepere
955 4601 1125 4643 somnum.
1151 4595 1198 4663 [A.
1208 4613 1234 4661 p.
1250 4607 1300 4663 359
1314 4595 1363 4663 sq]
