3240 5040
670 332 686 370 t
1366 347 1403 406 ²3

209 504 253 563 de
289 502 416 563 artium
453 500 723 580 litterarumque
760 501 878 563 studio
913 501 1142 563 iudicandum
1167 509 1273 580 esset,
1308 521 1407 584 prae·

208 591 362 670 ciperet:
387 607 456 649 non
485 589 701 665 solum'eos,
726 606 807 649 cum
831 587 962 668 quibus
994 598 1029 650 et
1058 589 1102 649 de
1126 589 1256 668 quibus
1288 589 1407 669 loque·
1465 622 1473 638 ·

208 678 325 754 batur,
350 675 436 755 quid
468 674 545 756 ipse
575 673 724 736 sentiret
756 676 921 752 docebat,
946 675 1139 736 sedetiam
1170 694 1208 736 se
1233 677 1410 737 communi

207 763 361 825 omnium
379 761 507 824 civium
524 762 629 824 saluti
642 761 848 842 prospicere
863 762 1091 842 omniumque
1108 771 1246 824 mentes
1262 763 1408 824 meliore

210 848 457 932 intellegentia
489 849 671 910 imbuendi
696 849 874 935 studiose
899 848 981 910 duci
1003 849 1100 910 haud
1124 850 1277 911 obscure
1302 850 1407 932 signi-

208 936 339 999 ficavit.
609 996 612 1002 ,

316 1023 443 1103 Neque
468 1033 614 1100 temere,
632 1023 694 1083 sed
712 1022 988 1102 prudentissime
1004 1021 1089 1084 fecit
1106 1021 1288 1102 Horatius
1313 1025 1410 1104 quod

209 1111 330 1172 verbis
344 1110 428 1187 suiS,
442 1109 573 1190 quibus
585 1109 802 1191 obiurgabat
815 1117 1010 1189 peccantes
1024 1119 1058 1170 et
1069 1111 1224 1171 docebat
1237 1120 1407 1190 errantes,

209 1197 432 1259 admiscebat
460 1196 666 1274 sententias,
697 1196 839 1276 quibuS,
868 1198 1048 1276 quomodo
1077 1196 1152 1258 vita
1183 1198 1228 1259 ad
1261 1198 1408 1259 rationis

210 1303 367 1345 normam
385 1283 573 1366 dirigenda
586 1292 691 1361 esset,
709 1283 889 1363 quomodo
901 1302 1017 1344 mores
1032 1283 1254 1362 emendandi,
1271 1296 1408 1345 mentes

209 1369 486 1432 conformandae
509 1379 631 1432 essent
647 1370 906 1451 praecipiebat;
932 1367 1051 1432 effecit
1067 1373 1161 1431 enim
1177 1372 1244 1432 hac
1262 1376 1408 1450 ratione,

210 1467 249 1518 ut
281 1478 338 1536 ea,
371 1477 463 1538 quae
495 1458 659 1535 doceret,
691 1476 762 1518 non
794 1459 838 1519 ad
869 1457 1031 1518 homines
1062 1457 1235 1540 singulos
1268 1459 1332 1520 sed
1363 1459 1408 1520 ad

210 1545 396 1606 universos
420 1545 600 1624 pertinere
624 1543 832 1606 viderentur
857 1554 962 1625 atque
987 1545 1097 1606 multo
1128 1545 1241 1607 maius
1267 1545 1408 1627 pondus

209 1633 394 1693 haberent.

316 1719 417 1800 Quae
449 1717 663 1797 sententiae,
688 1717 764 1779 sive
795 1718 872 1798 ipse
901 1727 1122 1780 commentus
1151 1728 1206 1780 est
1236 1738 1309 1798 eas,
1334 1719 1410 1781 sive

211 1805 353 1867 aliunde
389 1806 540 1887 sumpsit
579 1815 614 1866 et
653 1804 855 1883 arcessivit,
893 1824 963 1866 non
1001 1805 1117 1867 minus
1155 1825 1286 1888 graves
1325 1815 1409 1868 sunt

212 1912 319 1972 quam
353 1890 504 1954 festivae
537 1902 573 1953 et
604 1901 788 1954 venustae.
820 1891 890 1953 Eas
921 1902 1040 1953 autem
1072 1893 1107 1953 in
1139 1893 1300 1975 epistulis
1336 1913 1408 1955 cre·

210 1980 349 2041 briores
384 1979 536 2041 inveniri
575 1998 681 2059 quam
720 1978 756 2040 in
795 1979 913 2041 satiris
948 1998 1052 2041 nemo
1088 1999 1159 2041 non
1194 1981 1308 2059 videt,
1348 1980 1410 2061 qui

211 2065 401 2146 utrumque
440 2076 645 2148 poematum
683 2085 799 2148 genus
838 2067 946 2147 paulo
993 2066 1202 2149 diligentius
1241 2067 1409 2147 inspexit.

212 2151 320 2214 Cuius
346 2154 397 2214 rei
414 2173 485 2214 non
502 2153 633 2214 desunt
656 2153 825 2232 rationes,
850 2173 897 2214 ex
922 2154 1064 2234 quibuS,
1094 2173 1188 2234 quae
1205 2151 1409 2235 afferantur,

210 2241 276 2301 hae
301 2241 522 2320 potissimum
546 2240 678 2322 dignae
703 2259 782 2302 esse
805 2240 983 2302 videntur.

201 2386 203 2391 ,
317 2324 405 2389 Cum
418 2326 603 2406 HoratiuS,
617 2326 744 2389 satiras
758 2347 838 2389 cum
855 2327 1040 2406 scriberet,
1053 2327 1244 2389 admodum
1261 2327 1411 2407 iuveniS,

211 2433 302 2492 acer,
328 2414 435 2476 dicax
460 2423 566 2493 esset,
591 2415 757 2495 idemque
782 2424 912 2476 natura
940 2415 1017 2496 ipsa
1042 2414 1115 2476 acri
1139 2413 1284 2496 ingenio
1308 2435 1409 2497 prae-

212 2502 307 2562 ditus
336 2502 405 2564 iam
434 2501 516 2563 inde
545 2522 565 2562 a
592 2501 746 2583 pueritia
776 2522 796 2564 a
827 2512 929 2583 patre
954 2500 1087 2583 optimo
1112 2502 1310 2582 eodemque
1334 2502 1411 2564 viro

212 2589 358 2668 antiqua
389 2588 522 2650 virtute
552 2599 587 2649 et
617 2586 688 2650 fide
719 2588 755 2650 in
786 2608 863 2650 eam
903 2587 1199 2650 consuetudinem
1233 2590 1411 2651 adductus

213 2685 324 2754 esset,
364 2685 402 2736 ut
441 2674 611 2756 fugeret
650 2676 853 2757 exemplis
888 2675 1085 2737 vitiorum
1120 2695 1311 2756 quaeque
1347 2696 1409 2738 no-

210 2761 354 2823 tando:
367 2759 422 2841 139)
447 2783 518 2825 non
535 2772 590 2824 est
606 2764 703 2842 quod
720 2763 896 2842 miremur,
915 2763 1021 2843 quod,
1039 2761 1213 2842 quidquid
1230 2773 1411 2843 tamquam

212 2849 247 2909 in
271 2849 388 2910 media
411 2851 517 2911 turba
539 2849 719 2911 hominum
736 2850 951 2911 constitutus
968 2850 1246 2930 reprehensione
1263 2851 1411 2932 dignum

213 2937 515 3016 deprehenderat,
552 2938 699 2998 notabat
734 2946 770 2999 et
805 2937 1002 3018 sugillabat
1038 2946 1073 2998 et
1104 2936 1153 2997 ita
1183 2937 1342 3017 quidem,
1371 2945 1411 2998 ut

213 3025 318 3085 modo
349 3025 494 3104 paulum
526 3023 706 3085 insisteret
737 3024 877 3086 naviter
908 3033 1102 3105 pertexens
1131 3023 1281 3105 aliquid,
1306 3024 1410 3086 modo

211 3111 356 3171 nimium
372 3109 582 3172 festinanter
600 3120 726 3193 ageret
742 3121 777 3173 et
793 3125 924 3190 rueret,
945 3112 1051 3172 modo
1076 3130 1238 3173 sermone
1262 3122 1410 3192 repente

213 3197 412 3278 interrupto
452 3197 608 3278 aliquam
652 3217 726 3259 rem
769 3198 871 3279 quasi
918 3200 1121 3280 neglectam
1168 3197 1311 3259 afferret
1350 3209 1411 3259 aut

213 3285 434 3364 argutiarum
467 3284 601 3364 aliquid
637 3283 851 3347 admisceret
886 3285 1055 3364 sermoni,
1092 3284 1288 3346 sententias
1324 3304 1411 3346 vero

214 3370 402 3450 pauciores
427 3390 533 3452 quarn
557 3370 593 3431 in
617 3371 778 3453 epistulis
803 3372 1000 3450 intexebat,
1024 3373 1235 3453 praesertim
1260 3392 1340 3434 cum
1364 3373 1410 3432 ad

213 3458 248 3517 id
280 3469 421 3538 tempus
454 3477 526 3519 non
555 3467 694 3519 tantum
726 3458 939 3540 profecisset
963 3460 998 3519 in
1022 3459 1256 3540 philosophia,
1280 3469 1319 3520 ut
1343 3459 1409 3519 dis-

214 3545 379 3625 ciplinam
405 3555 571 3607 accurate
595 3543 782 3607 fundatam
806 3558 842 3608 et
865 3557 1086 3608 exstructam
1109 3547 1270 3609 haberet.

272 3690 277 3699 .
317 3631 444 3715 Longe
468 3632 571 3694 aliter
595 3642 703 3713 atque
727 3633 763 3693 in
788 3634 904 3695 satiris
922 3646 1086 3693 versatus
1110 3642 1165 3694 est
1181 3632 1351 3694 Horatius
1376 3632 1411 3692 in

213 3718 387 3797 epistulis,
412 3739 490 3798 nec,
514 3738 625 3799 quare
650 3719 699 3781 ita
723 3721 848 3802 egerit,
872 3720 1087 3801 ignoramus.
1114 3717 1198 3781 Sive
1224 3721 1293 3797 ille,
1319 3739 1411 3799 quae

215 3804 259 3864 sit
291 3806 345 3866 sui
374 3805 486 3887 ipsius
515 3805 707 3868 condicio
732 3826 777 3868 ac
802 3826 929 3884 mens,
954 3805 1070 3884 docet,
1095 3808 1181 3884 sive,
1207 3816 1342 3886 quanta
1366 3807 1412 3867 sit

213 3891 364 3953 stultitia
388 3913 524 3973 eorum,
550 3894 611 3973 qui
635 3894 778 3955 diversa
801 3895 837 3955 in
861 3893 947 3954 vitia
970 3893 1210 3973 abripiantur,
1242 3893 1410 3971 ostendit,

214 3977 290 4039 sive
329 3991 523 4060 praecepta
569 3981 629 4041 dat
675 3982 719 4042 ad
758 4000 874 4043 mores
912 3991 972 4041 aut
1010 3979 1207 4041 litterarum
1254 3981 1412 4041 studium

214 4066 431 4146 spectantia:
456 4087 657 4130 sermonem
680 4068 803 4129 condit
827 4077 862 4129 et
887 4067 1075 4148 distinguit
1096 4067 1280 4129 sententiis
1305 4087 1412 4147 quam

213 4153 372 4232 plurimis
415 4153 528 4233 iisque
563 4154 794 4235 gravissimis.
849 4154 935 4216 Erat
971 4154 1080 4232 enirn,
1124 4154 1295 4233 epistulas
1332 4173 1412 4214 cum

214 4241 468 4317 conscriberet,
490 4242 634 4322 longius
658 4251 775 4303 aetate
800 4250 1005 4321 prouectus
1022 4241 1181 4303 moribus
1205 4239 1411 4322 temperatis

214 4327 489 4408 moderatisque,
514 4347 580 4388 usu
611 4337 646 4389 et
677 4330 869 4410 prudentia
896 4339 1095 4409 praestans,
1120 4349 1141 4390 a
1164 4327 1411 4410 philosophiae

214 4413 330 4475 studio
361 4415 458 4476 haud
489 4415 715 4478 mediocriter
746 4417 951 4478 instructus
983 4416 1040 4478 Ex
1065 4436 1136 4496 quo
1161 4426 1321 4496 tempore
1345 4435 1410 4475 nu-

319 4603 364 4667 ¹⁸⁹)
385 4608 430 4654 sit
448 4610 470 4655 1.
490 4623 513 4671 4.
537 4596 593 4658 106.
