3240 5040
252 351 323 394 ·22

283 506 329 575 ad
345 503 549 567 Stoicorum
574 503 798 585 disciplinam
815 505 1002 584 delapsum
1027 522 1106 564 esse
1131 504 1363 567 contendunt.
1389 501 1486 582 Quid

284 601 404 654 autem
435 591 495 670 sit,
520 610 583 652 cur
606 587 771 672 Horatio,
797 590 979 671 cumipse
1007 591 1112 670 plane
1137 587 1355 671 profiteatur,
1380 609 1418 651 se
1443 625 1486 635 -

285 690 364 742 erat
396 688 514 740 autem
546 678 615 739 iam
646 678 757 739 maior
790 677 1029 759 quadraginta
1059 696 1171 739 annos
1204 685 1308 739 natus
1332 712 1374 720 —
1398 695 1486 738 ver-

284 766 402 828 sibus
426 774 466 827 et
490 765 667 827 ludicris
691 764 845 846 positis
876 764 974 845 quid
998 784 1140 826 verum
1171 774 1297 844 atque
1329 764 1486 825 decens

284 853 339 915 sit
381 860 594 914 curantem
633 860 673 913 et
715 861 946 933 rogantem,
990 870 1250 932 quocumque
1295 851 1488 930 rapiatur

284 947 554 1019 tempestate,
579 937 738 1001 deferri
761 939 984 1020 hospitem,
1009 957 1116 1000 nunc
1142 957 1184 1000 se
1208 937 1359 1020 agilem
1388 936 1487 1000 fieri

285 1037 324 1089 et
348 1025 524 1088 mersari
549 1026 748 1087 civilibus
773 1025 912 1104 undis,
930 1025 1100 1087 virtutis
1121 1044 1244 1086 verae
1270 1026 1487 1086 custodem

284 1114 554 1195 rigidumque
591 1112 835 1192 satellitem,
870 1131 979 1174 nunc
1014 1112 1053 1173 in
1088 1111 1301 1192 Aristippi
1339 1109 1486 1173 furtim

284 1210 516 1281 praecepta
539 1197 753 1280 relabi,¹⁸⁶)
768 1197 858 1262 fides
876 1201 1082 1281 derogetur,
1099 1200 1197 1260 nullo
1214 1217 1362 1280 prorsus
1379 1200 1487 1260 modo

286 1287 448 1366 dispicio.

391 1371 587 1435 Verissime
622 1373 732 1456 igitur
767 1373 851 1435 mihi
879 1372 1048 1434 videntur
1078 1372 1236 1434 iudicare
1260 1371 1298 1450 ii,
1322 1372 1383 1452 qui
1415 1383 1485 1434 sta-

285 1469 406 1535 tuunt,
432 1459 623 1522 Horatium
654 1460 741 1521 nulli
776 1478 933 1540 unquam
967 1459 1260 1540 philosophorum
1289 1478 1328 1521 se
1352 1459 1402 1520 ita
1425 1460 1486 1520 ad-

285 1548 434 1626 dixisse,
452 1558 490 1608 ut
515 1567 596 1609 eum
619 1566 684 1627 per
708 1547 825 1608 omnia
849 1556 1072 1627 sequeretur,
1090 1547 1154 1608 sed
1178 1566 1269 1625 eum,
1293 1555 1337 1607 ut
1360 1565 1487 1608 verae

285 1653 562 1717 numerosque
594 1635 821 1714 modosque
850 1634 1061 1695 edisceret
1089 1630 1284 1714 vitae,¹³⁷)
1309 1632 1485 1713 quidquid

288 1722 323 1783 in
351 1721 610 1802 Epicureorum
642 1718 917 1802 Stoicorumque
947 1720 1145 1802 disciplinis
1169 1721 1369 1800 probasset,
1395 1739 1485 1781 con-

286 1808 444 1870 didisse
477 1816 517 1869 et
545 1807 847 1888 composuisse,
872 1817 916 1869 ut
951 1827 1017 1869 suo
1053 1817 1213 1886 tempore
1238 1808 1486 1886 depromere

286 1893 515 1976 posset,1³⁸)
544 1914 696 1975 eumque
723 1915 788 1976 per
819 1914 959 1957 omnem
990 1894 1098 1956 vitam
1126 1893 1385 1974 Epicureorum
1417 1893 1486 1955 dis-

287 1983 453 2062 ciplinam
477 1981 592 2064 magis
616 2001 695 2043 esse
719 1991 883 2053 secutum
907 2001 1015 2062 quam
1039 1979 1248 2044 Stoicorum.

389 2068 585 2150 Postquam
616 2087 703 2130 vero
733 2072 777 2131 de
809 2079 937 2131 natura
968 2068 1155 2130 satirarum
1188 2077 1224 2129 et
1252 2067 1486 2148 epistularum

285 2155 562 2218 Horatianarum
594 2156 683 2233 dixi,
708 2166 743 2217 et
775 2156 953 2236 quomodo
977 2156 1012 2217 in
1040 2156 1082 2217 iis
1115 2153 1382 2217 conscribendis
1406 2174 1485 2216 ver·

287 2250 387 2304 satus
423 2242 468 2304 sit
499 2254 620 2322 poeta,
646 2262 719 2304 rem
750 2244 846 2305 haud
875 2263 961 2304 sane
993 2241 1173 2304 difficilem
1205 2241 1370 2303 existimo
1403 2260 1485 2304 esse

286 2329 456 2407 iudicare,
481 2339 561 2391 utro
584 2329 619 2390 in
644 2349 778 2411 genere
803 2330 1002 2392 crebriores
1026 2329 1252 2391 inveniantur
1276 2328 1486 2390 sententiae.

287 2416 369 2491 Non
409 2414 615 2495 defuerunt,
655 2415 715 2497 qui
753 2415 942 2478 Horatium
981 2417 1016 2477 in
1054 2415 1242 2478 sententiis
1280 2415 1486 2477 intexendis

288 2504 431 2565 nimium
463 2501 573 2565 fuisse
609 2505 868 2565 contenderent
903 2505 1011 2584 idque
1046 2503 1078 2564 ei
1113 2503 1200 2564 vitio
1232 2512 1373 2564 vertere
1413 2522 1486 2564 non

287 2590 503 2652 dubitarent.
522 2587 681 2652 Caveant
697 2610 784 2652 vero
805 2590 865 2670 illi,
882 2610 937 2670 ne,
954 2591 1129 2672 quidquid
1154 2610 1174 2651 a
1198 2599 1342 2651 nostrae
1359 2589 1487 2651 aetatis

289 2676 474 2738 subtiliore
506 2677 682 2739 sentiendi
711 2678 925 2758 dicendique
949 2678 1086 2740 ratione
1117 2679 1199 2756 plus
1222 2676 1386 2738 minusve
1416 2676 1485 2737 dis-

288 2773 420 2844 crepet,
438 2765 474 2825 in
497 2764 594 2825 vitiis
618 2774 762 2845 ponant.
780 2764 933 2825 Veteres
956 2775 1083 2846 poetae
1109 2774 1144 2825 et
1162 2764 1279 2826 Latini
1304 2775 1339 2825 et
1356 2762 1487 2825 Graeci

289 2871 360 2913 non
373 2861 521 2929 tantum,
539 2860 711 2930 quantum
728 2861 857 2931 poetae
874 2852 1083 2913 recentioris
1100 2851 1237 2930 aetatiS,
1255 2870 1276 2912 a
1290 2851 1487 2912 communis

289 2939 383 2999 vitae
423 2938 619 2999 rationibus
654 2946 882 2999 recesserunt
917 2957 1034 3019 neque
1069 2940 1195 3000 ardore
1238 2938 1344 2999 animi
1383 2937 1485 3018 quasi

289 3023 429 3103 abrepti
458 3027 502 3086 ad
532 3044 667 3086 summa
698 3025 747 3086 ita
779 3026 1054 3104 contenderunt,
1090 3035 1128 3086 ut
1163 3026 1260 3087 illum
1295 3025 1487 3104 prudentia

289 3120 324 3172 et
348 3111 591 3179 moderatione
615 3131 686 3172 non
709 3121 962 3190 temperarent.
984 3110 1166 3174 Cesserint
1190 3111 1313 3192 utique
1337 3112 1486 3172 multum

289 3197 349 3278 qui
373 3197 514 3260 Horatii
544 3207 662 3259 aetate
694 3209 794 3260 erant
819 3198 974 3261 Romani
1005 3199 1160 3261 strenuis
1191 3198 1387 3280 probisque
1411 3198 1486 3259 suis

289 3284 482 3346 maioribus
524 3285 671 3358 virtute,
705 3286 740 3347 id
783 3296 901 3348 tamen
934 3287 1039 3349 etiam
1073 3296 1148 3347 turn
1187 3286 1368 3367 proprium
1411 3297 1488 3346 erat

290 3391 424 3450 eorum,
441 3383 480 3433 ut
504 3373 548 3433 ad
573 3391 630 3433 res
654 3374 832 3454 gerendas
857 3373 1027 3453 imprimis
1051 3372 1177 3435 intenti
1199 3392 1241 3435 ea
1264 3371 1487 3454 potissimum

290 3468 468 3536 curarent,
494 3457 624 3538 quibus
656 3459 751 3521 vitae
781 3480 866 3522 usus
895 3462 930 3522 in
963 3480 1084 3522 omnes
1115 3471 1237 3541 partes
1274 3458 1488 3521 conformari

291 3555 424 3626 posset.
448 3545 575 3626 Neque
607 3545 687 3608 ideo
719 3547 845 3608 mirum
878 3558 942 3627 est,
968 3550 1064 3628 quod
1087 3545 1256 3609 Horatius
1280 3547 1357 3627 ipse
1380 3545 1488 3607 huius

289 3633 340 3694 rei
352 3633 526 3694 rationem
547 3633 748 3694 habendam
767 3653 845 3696 esse
863 3634 1079 3696 existimavit
1097 3655 1176 3697 curn
1200 3634 1236 3696 in
1260 3632 1486 3713 carminibus,

289 3729 363 3781 tum
388 3720 579 3801 praecipue
604 3721 639 3781 in
663 3720 780 3782 satiris
805 3731 840 3782 et
865 3721 1037 3801 epistulis.
1060 3722 1186 3803 Itaque
1204 3741 1284 3784 cum
1308 3721 1343 3781 in
1368 3719 1487 3781 satiris

289 3806 324 3867 id
350 3816 484 3888 ageret,
502 3816 550 3888 ut,
567 3807 741 3888 quidquid
766 3809 938 3870 stultitiae
964 3816 999 3870 et
1022 3809 1268 3889 perversitatis
1292 3826 1427 3869 morum
1452 3807 1488 3867 in

291 3895 500 3973 aequalibus
518 3895 824 3973 deprehendisset,
842 3894 878 3958 id
895 3895 1029 3958 rideret
1045 3905 1078 3957 et
1095 3896 1305 3977 castigaret:
1331 3895 1377 3975 id,
1391 3895 1488 3974 quod

291 3981 444 4058 dicebat,
476 4001 547 4043 non
573 3981 633 4042 uni
658 3982 723 4043 soli
753 3982 887 4044 dictum
916 4002 995 4044 esse
1019 3982 1143 4060 voluit,
1168 3983 1231 4043 sed
1261 3983 1426 4044 omnibus
1450 3990 1487 4041 et

291 4067 341 4128 ita
366 4067 519 4148 quidem,
545 4079 583 4130 ut
607 4069 823 4149 quicumque
848 4069 953 4148 vitiis,
971 4088 1062 4150 quae
1086 4079 1239 4149 notaret,
1258 4069 1488 4131 contaminati

290 4173 369 4215 esse
386 4155 454 4216 sibi
472 4155 689 4235 viderentur,
711 4157 964 4236 resipiscerent
981 4165 1016 4217 et
1033 4157 1078 4218 ad
1091 4156 1273 4218 meliorem
1289 4154 1431 4237 frugem
1448 4175 1487 4218 se

290 4240 503 4321 reciperent,
519 4243 542 4302 ii
554 4262 651 4321 ver0,
669 4243 729 4323 qui
743 4263 781 4304 se
798 4263 905 4305 sanos
920 4262 999 4304 esse
1017 4241 1246 4323 confiderent,
1264 4252 1302 4304 ut
1314 4243 1488 4304 honestae

290 4328 384 4389 vitae
402 4329 493 4390 viam
510 4341 828 4410 persequerentur;
847 4340 882 4392 et
900 4350 978 4392 cum
996 4331 1030 4391 in
1048 4330 1220 4412 epistuliS,
1246 4330 1423 4410 quomodo
1441 4330 1488 4390 ad

290 4415 438 4476 rationis
467 4436 624 4477 normam
655 4416 728 4478 vita
757 4417 946 4498 dirigenda
971 4427 1075 4496 esset,
1100 4419 1307 4479 ostenderet
1332 4427 1377 4489 et,
1403 4415 1487 4497 quid

397 4605 442 4673 ¹⁸⁶)
462 4610 512 4671 Ep.
530 4610 552 4655 Ι.
576 4620 595 4655 1.
619 4608 778 4656 10—18.-
800 4606 845 4674 ¹³⁷)
864 4610 913 4672 Ep.
934 4611 970 4661 ΙΙ,
991 4622 1014 4657 2.
1037 4606 1192 4672 144.-—¹³⁸)
1212 4611 1263 4674 Ep.
1282 4614 1304 4659 Ι.
1326 4624 1347 4660 1.
1370 4623 1408 4659 12.
