3240 5040
1386 377 1421 436 17

223 532 447 594 formidine
491 531 606 592 nulla
647 523 793 592 imbuti
835 538 1028 611 spectent
1069 531 1176 591 hunc
1216 532 1344 592 solem
1383 541 1423 592 et

224 621 372 681 stellas
405 628 443 680 et
475 618 602 679 certis
634 618 849 679 momentis
885 616 1136 679 decedentia
1165 615 1422 698 tempora,⁹2)

223 727 242 767 e
268 706 398 787 quibus
422 704 597 766 liberioris
623 704 742 766 iudicii
758 705 844 767 viris
866 724 975 765 unum
996 724 1034 766 se
1058 705 1173 784 ipsum
1189 704 1312 766 haberi
1329 706 1421 767 velle

221 793 317 855 facili
349 792 494 874 negotio
526 791 696 871 conicias,
726 794 790 853 sed
822 792 927 853 etiam
960 811 1005 852 ex
1037 790 1190 871 epistola
1219 790 1421 853 Maecenati

223 881 341 958 missa,
365 880 400 941 in
430 898 500 960 qua
531 897 569 939 se
600 880 706 939 modo
737 879 889 959 agilem
924 877 1021 939 fieri
1053 886 1092 938 et
1124 878 1296 939 mersari
1326 879 1421 939 civi-

222 968 332 1028 libus
365 965 502 1043 undiS,
535 965 705 1025 virtutis
741 984 865 1026 verae
906 965 1121 1026 custodem
1155 964 1421 1047 rigidumque

222 1054 469 1130 satellitem,
512 1051 631 1112 modo
678 1051 717 1112 in
764 1051 974 1132 Aristippi
1012 1049 1156 1112 furtim
1194 1062 1422 1133 praecepta

221 1137 406 1217 relabi⁹³l
430 1134 627 1218 profitetur.

277 1247 287 1273 ·.
324 1225 380 1287 Ex
404 1225 469 1303 his,
487 1243 579 1305 quae
595 1225 787 1298 attulimus
805 1225 892 1287 satis
909 1234 1033 1305 patere
1049 1223 1214 1304 arbitror,
1230 1223 1420 1287 Horatium

222 1316 267 1374 de
303 1311 370 1373 diis
406 1330 599 1392 eorumque
634 1322 762 1373 natura
796 1331 868 1373 non
902 1311 996 1374 omni
1036 1330 1082 1372 ex
1117 1321 1220 1392 parte
1254 1313 1419 1394 sensisse,

222 1401 316 1480 quod
333 1398 526 1480 Epicurum
550 1407 611 1459 aut
635 1395 787 1461 Stoicos
812 1398 863 1459 Ut
887 1399 980 1460 enim
997 1397 1097 1480 vulgi
1121 1398 1275 1479 imperiti
1298 1419 1419 1480 super-

220 1486 382 1547 stitiones
413 1485 549 1566 spernit
586 1504 702 1566 neque
733 1494 852 1547 tamen
888 1505 1011 1548 omnes
1047 1484 1243 1547 sententias
1274 1483 1420 1567 Epicuri

220 1574 439 1652 comprobat,
457 1572 517 1653 qui
533 1571 717 1654 religionis
733 1573 893 1654 vulgaris
918 1582 1112 1653 praecepta
1128 1573 1284 1634 habebat
1308 1593 1420 1653 prava

220 1668 256 1721 et
280 1660 530 1740 impugnabat:
555 1658 604 1719 ita
628 1655 769 1737 Stoicis,
788 1660 847 1740 qui
871 1661 1015 1721 numine
1039 1658 1157 1738 aliquo
1180 1660 1300 1721 divino
1324 1680 1420 1721 mun-

218 1748 302 1808 dum
326 1745 404 1827 regi
425 1745 735 1826 administrarique
753 1748 941 1825 docebant,
959 1746 1153 1808 assentitur
1174 1747 1327 1827 quidem,
1345 1749 1420 1826 sed,

219 1853 324 1914 quam
366 1832 579 1894 sententiam
622 1829 849 1914 Chrisippus,
890 1831 1127 1895 Stoicorum
1169 1833 1420 1896 somniorum

218 1919 468 1982 vaferrimus
499 1919 726 1999 interpres,
758 1921 939 1999 tuebatur,
968 1921 1048 1982 vim
1081 1919 1261 1981 divinam
1292 1921 1331 1981 in
1363 1942 1418 1983 ra·

217 2007 330 2068 tione
350 2025 441 2068 esse
458 2005 634 2086 positam
652 2017 692 2068 et
708 2006 930 2068 universae
948 2017 1120 2073 naturae
1145 2008 1277 2068 animo
1294 2017 1419 2088 atque

217 2103 367 2171 mente,
407 2092 542 2173 ipsum
580 2093 773 2154 mundum
813 2112 905 2155 esse
945 2095 1063 2155 deum
1098 2103 1137 2154 et
1170 2094 1259 2155 eius
1295 2095 1418 2155 animi

215 2177 421 2242 fusionem
438 2180 692 2259 universam,
704 2177 733 2215 ⁹4
750 2180 826 2242 eius
843 2182 975 2242 nullam
992 2182 1086 2262 apud
1103 2179 1292 2242 Horatium
1309 2200 1418 2263 agno-

218 2266 315 2328 veris
340 2263 647 2348 significationem.
1050 2314 1052 2319 .

319 2355 371 2414 At
401 2351 591 2414 Horatium
623 2352 716 2415 idem
748 2351 824 2415 fere
856 2354 952 2434 quod
981 2353 1175 2435 Epicurum
1203 2356 1248 2416 de
1280 2353 1418 2435 origine

215 2441 360 2522 generis
390 2439 535 2501 humani
567 2448 602 2501 et
630 2440 674 2500 de
706 2440 878 2502 societate
909 2441 1089 2503 hominum
1114 2441 1269 2503 sensisse
1296 2439 1417 2503 facere

215 2547 285 2588 non
309 2546 497 2608 possumus
522 2526 606 2608 quin
632 2530 906 2598 contendamus;
932 2527 1018 2590 dicit
1042 2529 1151 2589 enim:

260 2665 356 2728 Cum
381 2676 686 2746 prorepserunt
711 2665 856 2747 primis
881 2666 1075 2728 animalia
1097 2667 1238 2746 terriS,

258 2753 415 2815 Mutum
450 2763 490 2814 et
525 2762 646 2834 turpe
680 2773 825 2834 pecuS,
861 2753 1056 2836 glandem
1096 2762 1221 2834 atque
1260 2753 1418 2816 cubilia

596 2871 597 2876 ¹
1094 2849 1269 2921 propter

262 2925 482 3008 Unguibus
521 2936 560 2988 et
604 2927 777 3009 pugniS,
815 2927 910 2989 dein
951 2925 1155 3005 fustibus,
1195 2935 1320 3006 atque
1359 2927 1417 2988 ita

1091 3033 1217 3094 porro

258 3101 512 3182 Pugnabant
536 3101 675 3180 armis,
700 3121 804 3182 quae
829 3113 923 3183 post
946 3099 1232 3163 fabricaverat
1256 3119 1371 3180 usuS,

257 3187 402 3248 Donec
427 3187 576 3266 verba,
602 3188 755 3268 quibus
780 3207 906 3249 voces
942 3207 1176 3269 sensusque
1207 3197 1415 3267 notarent,

256 3273 515 3353 Nominaque
540 3273 759 3345 invenere;
785 3274 936 3335 dehinc
960 3275 1170 3336 absistere
1192 3275 1321 3353 bello,

257 3358 420 3440 Oppida
446 3370 679 3440 coeperunt
702 3361 862 3422 munire
887 3369 926 3421 et
949 3379 1106 3440 ponere
1130 3362 1262 3442 legeS,

255 3446 314 3508 Ne
339 3447 430 3527 quis
454 3445 521 3507 fur
545 3455 654 3508 esset
682 3466 759 3508 neu
783 3448 892 3508 latro
916 3465 994 3507 neu
1021 3448 1111 3527 quis
1136 3448 1314 3509 adulter.
1328 3445 1372 3530 ⁹⁵)

211 3586 400 3648 Horatium
431 3585 486 3646 his
520 3585 640 3647 verbis
672 3587 889 3663 enuntiasse,
914 3605 1007 3666 quae
1032 3585 1226 3666 Epicurum
1251 3586 1415 3649 docuisse

212 3683 311 3735 recte
336 3672 477 3750 dicitur,
502 3692 607 3734 nemo
631 3682 685 3735 est
710 3674 864 3755 quinon
888 3673 1027 3743 videat;
1053 3673 1139 3734 dicit
1163 3671 1265 3750 enim,
1290 3673 1343 3733 ius
1369 3692 1415 3734 ex

213 3771 320 3840 pacto
356 3768 391 3821 et
435 3768 629 3839 convento,
662 3762 758 3840 quod
795 3760 956 3821 homines
993 3779 1080 3821 suae
1119 3760 1268 3840 quisque
1308 3760 1415 3821 saluti

211 3846 355 3927 suisque
385 3845 539 3908 fortunis
571 3847 759 3909 consulere
784 3846 967 3925 voluisset,
992 3865 1071 3908 esse
1103 3855 1228 3924 ortum,
1252 3846 1288 3906 id
1320 3849 1414 3926 quod

176 3979 178 3984 ,
211 3933 318 4015 paulo
343 3932 435 3995 infra
459 3934 605 3996 uberius
630 3933 800 4015 explicat,
825 3952 905 3994 eum
930 3932 1033 3994 dicit:

254 4072 349 4134 Iura
378 4071 549 4133 inventa
577 4081 685 4133 metu
714 4071 860 4134 iniusti
889 4071 1048 4133 fateare
1073 4089 1246 4134 necesse
1270 4083 1347 4151 est,

253 4161 457 4239 Tempora
482 4157 515 4240 si
539 4155 758 4239 fastosque
783 4158 889 4220 velis
913 4161 1112 4220 evolvere
1135 4157 1339 4242 mundi.⁹⁶)

210 4293 295 4358 Sine
327 4299 400 4359 ullo
437 4298 560 4360 labore
596 4297 823 4380 intelligitur,
861 4308 1081 4378 quantopere
1117 4317 1138 4373 a
1172 4295 1317 4376 Stoicis,
1352 4299 1413 4379 qui

209 4384 338 4445 volunt
353 4387 385 4445 τὸ
409 4384 521 4445 δίκαιον
544 4385 629 4468 φύσει
652 4381 722 4445 εἶναι
745 4386 796 4445 καὶ
821 4384 861 4467 μὴ
877 4383 969 4462 θέσει,
988 4385 1187 4466 dissentiat,
1205 4404 1285 4446 cum
1302 4385 1411 4446 dicat:

313 4553 350 4622 ⁹²)
375 4558 425 4620 Ep.
446 4559 468 4606 Ι.
488 4559 513 4607 6.
533 4570 547 4620 3
568 4574 624 4623 sqq.
645 4584 677 4594 -
702 4554 738 4621 ⁹³)
757 4558 809 4622 Ep.
829 4560 850 4608 Ι.
874 4569 895 4606 1.
916 4559 931 4606 6
950 4573 1007 4623 sqq.
1029 4585 1059 4594 —
1087 4555 1122 4622 ⁹⁴)
1142 4559 1195 4608 Cic.
1217 4559 1248 4607 de
1267 4566 1319 4608 nat.
1341 4558 1410 4607 deor.

207 4628 229 4678 Ι,
253 4637 290 4689 15.
311 4637 399 4692 39.-
418 4623 455 4692 ⁹⁵)
474 4626 529 4676 Sat.
548 4630 570 4677 1.
590 4639 613 4688 3.
633 4643 666 4694 99
686 4643 743 4691 sqq.
764 4653 797 4664 -
817 4624 853 4693 ⁹⁰)
873 4629 926 4684 Sat,
945 4631 967 4677 1.
987 4641 1010 4689 3.
1035 4639 1080 4676 111
1103 4643 1140 4690 sq.
1230 4653 1232 4658 ·

1291 4742 1308 4777 2
