<?xml version="1.0" encoding="UTF-8"?>
<!DOCTYPE html PUBLIC "-//W3C//DTD XHTML 1.0 Transitional//EN"
    "http://www.w3.org/TR/xhtml1/DTD/xhtml1-transitional.dtd">
<html xmlns="http://www.w3.org/1999/xhtml" xml:lang="en" lang="en">
 <head>
  <title>
</title>
<meta http-equiv="Content-Type" content="text/html;charset=utf-8" />
  <meta name='ocr-system' content='tesseract 3.04.00' />
  <meta name='ocr-capabilities' content='ocr_page ocr_carea ocr_par ocr_line ocrx_word'/>
</head>
<body>
  <div class='ocr_page' id='page_1' title='image "./utruminsatirisa00mascgoog_0046.png"; bbox 0 0 3240 5040; ppageno 0'>
   <div class='ocr_carea' id='block_1_1' title="bbox 216 541 1373 795">
    <p class='ocr_par' dir='ltr' id='par_1_1' title="bbox 216 541 1373 795">
     <span class='ocr_line' id='line_1_1' title="bbox 216 541 1077 625; baseline -0.01 -18"><span class='ocrx_word' id='word_1_1' title='bbox 216 545 299 608; x_wconf 87' lang='lat' dir='ltr'>Urit</span> <span class='ocrx_word' id='word_1_2' title='bbox 322 542 529 625; x_wconf 80' lang='lat' dir='ltr'><strong>—fulgore</strong></span> <span class='ocrx_word' id='word_1_3' title='bbox 554 561 629 620; x_wconf 78' lang='lat' dir='ltr'><strong>sun,</strong></span> <span class='ocrx_word' id='word_1_4' title='bbox 657 541 717 623; x_wconf 89' lang='lat' dir='ltr'><strong>qui</strong></span> <span class='ocrx_word' id='word_1_5' title='bbox 740 547 957 621; x_wconf 85' lang='lat' dir='ltr'><strong>praegravat</strong></span> <span class='ocrx_word' id='word_1_6' title='bbox 981 545 1077 599; x_wconf 87' lang='lat' dir='ltr'><strong>artes</strong></span> 
     </span>
     <span class='ocr_line' id='line_1_2' title="bbox 219 624 1111 712; baseline -0.009 -18"><span class='ocrx_word' id='word_1_7' title='bbox 219 631 317 694; x_wconf 85' lang='lat' dir='ltr'><strong>Infra</strong></span> <span class='ocrx_word' id='word_1_8' title='bbox 340 650 379 693; x_wconf 87' lang='lat' dir='ltr'><strong>se</strong></span> <span class='ocrx_word' id='word_1_9' title='bbox 402 630 537 712; x_wconf 90' lang='lat' dir='ltr'><strong>positas</strong></span> <span class='ocrx_word' id='word_1_10' title='bbox 546 650 553 700; x_wconf 91' lang='lat'>;</span> <span class='ocrx_word' id='word_1_11' title='bbox 580 629 783 690; x_wconf 84' lang='lat' dir='ltr'><strong>exstinctus</strong></span> <span class='ocrx_word' id='word_1_12' title='bbox 808 625 984 689; x_wconf 92' lang='lat' dir='ltr'><strong>amabitur</strong></span> <span class='ocrx_word' id='word_1_13' title='bbox 1008 624 1111 686; x_wconf 87' lang='lat' dir='ltr'><strong>idem.</strong></span> 
     </span>
     <span class='ocr_line' id='line_1_3' title="bbox 1078 722 1373 795; baseline -0.01 -18"><span class='ocrx_word' id='word_1_14' title='bbox 1078 726 1139 795; x_wconf 85' lang='lat' dir='ltr'>[Ep.</span> <span class='ocrx_word' id='word_1_15' title='bbox 1159 731 1195 777; x_wconf 90' lang='lat'><strong>11.</strong></span> <span class='ocrx_word' id='word_1_16' title='bbox 1219 740 1238 776; x_wconf 87' lang='lat' dir='ltr'><strong>r.</strong></span> <span class='ocrx_word' id='word_1_17' title='bbox 1262 738 1299 788; x_wconf 87' lang='lat'><strong>13.</strong></span> <span class='ocrx_word' id='word_1_18' title='bbox 1321 722 1373 791; x_wconf 79' lang='lat' dir='ltr'><strong>sq]</strong></span> 
     </span>
    </p>
   </div>
   <div class='ocr_carea' id='block_1_2' title="bbox 219 850 1374 1020">
    <p class='ocr_par' dir='ltr' id='par_1_2' title="bbox 219 850 1374 1020">
     <span class='ocr_line' id='line_1_4' title="bbox 219 850 1188 934; baseline -0.009 -14"><span class='ocrx_word' id='word_1_19' title='bbox 219 858 277 920; x_wconf 84' lang='lat' dir='ltr'><strong>Nil</strong></span> <span class='ocrx_word' id='word_1_20' title='bbox 301 858 393 919; x_wconf 87' lang='lat' dir='ltr'><strong>intra</strong></span> <span class='ocrx_word' id='word_1_21' title='bbox 418 866 472 919; x_wconf 90' lang='lat' dir='ltr'><strong>est</strong></span> <span class='ocrx_word' id='word_1_22' title='bbox 498 857 622 934; x_wconf 86' lang='lat' dir='ltr'><strong>oleam,</strong></span> <span class='ocrx_word' id='word_1_23' title='bbox 647 854 695 915; x_wconf 89' lang='lat' dir='ltr'><strong>nil</strong></span> <span class='ocrx_word' id='word_1_24' title='bbox 721 861 824 916; x_wconf 83' lang='lat' dir='ltr'><strong>extra</strong></span> <span class='ocrx_word' id='word_1_25' title='bbox 848 852 961 914; x_wconf 91' lang='lat' dir='ltr'><strong>estin</strong></span> <span class='ocrx_word' id='word_1_26' title='bbox 985 869 1077 913; x_wconf 91' lang='lat' dir='ltr'><strong>nuce</strong></span> <span class='ocrx_word' id='word_1_27' title='bbox 1102 850 1188 912; x_wconf 93' lang='lat' dir='ltr'><strong>duri.</strong></span> 
     </span>
     <span class='ocr_line' id='line_1_5' title="bbox 1135 947 1374 1020; baseline -0.017 -17"><span class='ocrx_word' id='word_1_28' title='bbox 1135 954 1196 1020; x_wconf 88' lang='lat' dir='ltr'>[Ep.</span> <span class='ocrx_word' id='word_1_29' title='bbox 1218 956 1255 1008; x_wconf 86' lang='lat'><strong>11.</strong></span> <span class='ocrx_word' id='word_1_30' title='bbox 1279 964 1300 1003; x_wconf 88' lang='lat' dir='ltr'><strong>r.</strong></span> <span class='ocrx_word' id='word_1_31' title='bbox 1320 947 1374 1017; x_wconf 65' lang='lat' dir='ltr'><strong>sn]</strong></span> 
     </span>
    </p>
   </div>
   <div class='ocr_carea' id='block_1_3' title="bbox 219 1078 1371 1247">
    <p class='ocr_par' dir='ltr' id='par_1_3' title="bbox 219 1078 1371 1247">
     <span class='ocr_line' id='line_1_6' title="bbox 219 1078 1182 1164; baseline -0.006 -20"><span class='ocrx_word' id='word_1_32' title='bbox 219 1083 404 1145; x_wconf 82' lang='lat' dir='ltr'>Interdum</span> <span class='ocrx_word' id='word_1_33' title='bbox 429 1081 562 1164; x_wconf 83' lang='lat' dir='ltr'><strong>vulgus</strong></span> <span class='ocrx_word' id='word_1_34' title='bbox 585 1090 723 1143; x_wconf 90' lang='lat' dir='ltr'><strong>rectum</strong></span> <span class='ocrx_word' id='word_1_35' title='bbox 747 1080 856 1158; x_wconf 85' lang='lat' dir='ltr'><strong>videt,</strong></span> <span class='ocrx_word' id='word_1_36' title='bbox 881 1087 935 1140; x_wconf 91' lang='lat' dir='ltr'><strong>est</strong></span> <span class='ocrx_word' id='word_1_37' title='bbox 959 1078 1020 1139; x_wconf 91' lang='lat' dir='ltr'><strong>ubi</strong></span> <span class='ocrx_word' id='word_1_38' title='bbox 1044 1085 1182 1158; x_wconf 89' lang='lat' dir='ltr'><strong>peccat.</strong></span> 
     </span>
     <span class='ocr_line' id='line_1_7' title="bbox 1137 1174 1371 1247; baseline -0.004 -17"><span class='ocrx_word' id='word_1_39' title='bbox 1137 1180 1197 1247; x_wconf 87' lang='lat' dir='ltr'>[Ep.</span> <span class='ocrx_word' id='word_1_40' title='bbox 1217 1183 1255 1232; x_wconf 91' lang='lat' dir='ltr'><strong>II.</strong></span> <span class='ocrx_word' id='word_1_41' title='bbox 1277 1190 1298 1230; x_wconf 89' lang='lat'><strong>1.</strong></span> <span class='ocrx_word' id='word_1_42' title='bbox 1318 1174 1371 1247; x_wconf 88' lang='grc'>63.]</span> 
     </span>
    </p>
   </div>
   <div class='ocr_carea' id='block_1_4' title="bbox 220 1300 1372 1474">
    <p class='ocr_par' dir='ltr' id='par_1_4' title="bbox 220 1300 1372 1474">
     <span class='ocr_line' id='line_1_8' title="bbox 220 1300 1323 1390; baseline -0.005 -21"><span class='ocrx_word' id='word_1_43' title='bbox 220 1306 313 1390; x_wconf 81' lang='lat' dir='ltr'><strong>Quid</strong></span> <span class='ocrx_word' id='word_1_44' title='bbox 339 1307 457 1388; x_wconf 90' lang='lat' dir='ltr'><strong>placet</strong></span> <span class='ocrx_word' id='word_1_45' title='bbox 481 1316 543 1369; x_wconf 88' lang='lat' dir='ltr'><strong>aut</strong></span> <span class='ocrx_word' id='word_1_46' title='bbox 568 1306 650 1370; x_wconf 93' lang='lat' dir='ltr'><strong>odio</strong></span> <span class='ocrx_word' id='word_1_47' title='bbox 675 1315 739 1385; x_wconf 81' lang='lat' dir='ltr'><strong>est,</strong></span> <span class='ocrx_word' id='word_1_48' title='bbox 764 1305 860 1385; x_wconf 92' lang='lat' dir='ltr'><strong>quod</strong></span> <span class='ocrx_word' id='word_1_49' title='bbox 885 1323 956 1366; x_wconf 92' lang='lat' dir='ltr'><strong>non</strong></span> <span class='ocrx_word' id='word_1_50' title='bbox 979 1303 1149 1365; x_wconf 89' lang='lat' dir='ltr'><strong>mutabile</strong></span> <span class='ocrx_word' id='word_1_51' title='bbox 1175 1300 1323 1365; x_wconf 84' lang='lat' dir='ltr'><strong>credas?</strong></span> 
     </span>
     <span class='ocr_line' id='line_1_9' title="bbox 1117 1398 1372 1474; baseline -0.004 -18"><span class='ocrx_word' id='word_1_52' title='bbox 1117 1406 1182 1474; x_wconf 88' lang='lat' dir='ltr'><strong>[Ep.</strong></span> <span class='ocrx_word' id='word_1_53' title='bbox 1201 1409 1237 1458; x_wconf 87' lang='grc' dir='ltr'><strong>ΙΙ.</strong></span> <span class='ocrx_word' id='word_1_54' title='bbox 1261 1419 1281 1458; x_wconf 87' lang='lat'><strong>1.</strong></span> <span class='ocrx_word' id='word_1_55' title='bbox 1305 1398 1372 1472; x_wconf 87' lang='lat'>101.]</span> 
     </span>
    </p>
   </div>
   <div class='ocr_carea' id='block_1_5' title="bbox 220 1529 1370 1788">
    <p class='ocr_par' dir='ltr' id='par_1_5' title="bbox 220 1529 1370 1788">
     <span class='ocr_line' id='line_1_10' title="bbox 740 1529 1206 1612; baseline -0.004 -19"><span class='ocrx_word' id='word_1_56' title='bbox 740 1531 848 1593; x_wconf 88' lang='lat' dir='ltr'><strong>Pueri</strong></span> <span class='ocrx_word' id='word_1_57' title='bbox 870 1538 1063 1612; x_wconf 89' lang='lat' dir='ltr'><strong>patresque</strong></span> <span class='ocrx_word' id='word_1_58' title='bbox 1089 1529 1206 1592; x_wconf 88' lang='lat' dir='ltr'><strong>severi</strong></span> 
     </span>
     <span class='ocr_line' id='line_1_11' title="bbox 220 1616 1208 1682; baseline -0.004 -1"><span class='ocrx_word' id='word_1_59' title='bbox 220 1619 364 1682; x_wconf 86' lang='lat' dir='ltr'>Fronde</span> <span class='ocrx_word' id='word_1_60' title='bbox 390 1638 509 1681; x_wconf 90' lang='lat' dir='ltr'><strong>comas</strong></span> <span class='ocrx_word' id='word_1_61' title='bbox 533 1619 644 1681; x_wconf 88' lang='lat' dir='ltr'><strong>vincti</strong></span> <span class='ocrx_word' id='word_1_62' title='bbox 669 1627 801 1681; x_wconf 89' lang='lat' dir='ltr'><strong>cenant</strong></span> <span class='ocrx_word' id='word_1_63' title='bbox 825 1627 859 1679; x_wconf 93' lang='lat' dir='ltr'><strong>et</strong></span> <span class='ocrx_word' id='word_1_64' title='bbox 884 1616 1040 1679; x_wconf 88' lang='lat' dir='ltr'><strong>carmina</strong></span> <span class='ocrx_word' id='word_1_65' title='bbox 1063 1616 1208 1679; x_wconf 88' lang='lat' dir='ltr'><strong>dictant.</strong></span> 
     </span>
     <span class='ocr_line' id='line_1_12' title="bbox 1067 1712 1370 1788; baseline 0.01 -19"><span class='ocrx_word' id='word_1_66' title='bbox 1067 1720 1128 1788; x_wconf 86' lang='lat' dir='ltr'>[Ep.</span> <span class='ocrx_word' id='word_1_67' title='bbox 1147 1723 1185 1772; x_wconf 86' lang='grc' dir='ltr'><strong>ΙΙ.</strong></span> <span class='ocrx_word' id='word_1_68' title='bbox 1210 1734 1229 1772; x_wconf 92' lang='lat'><strong>1.</strong></span> <span class='ocrx_word' id='word_1_69' title='bbox 1253 1712 1370 1788; x_wconf 86' lang='lat' dir='ltr'><strong>109sq.]</strong></span> 
     </span>
    </p>
   </div>
   <div class='ocr_carea' id='block_1_6' title="bbox 218 1808 1119 2008">
    <p class='ocr_par' dir='ltr' id='par_1_6' title="bbox 218 1808 1119 2008">
     <span class='ocr_line' id='line_1_13' title="bbox 653 1808 1119 1888; baseline -0.004 0"><span class='ocrx_word' id='word_1_70' title='bbox 653 1827 823 1888; x_wconf 88' lang='lat' dir='ltr'><strong>Tractant</strong></span> <span class='ocrx_word' id='word_1_71' title='bbox 846 1808 987 1888; x_wconf 79' lang='lat' dir='ltr'><strong>sabtilia</strong></span> <span class='ocrx_word' id='word_1_72' title='bbox 1009 1825 1119 1888; x_wconf 85' lang='lat' dir='ltr'><strong>fabri:</strong></span> 
     </span>
     <span class='ocr_line' id='line_1_14' title="bbox 218 1911 1117 2008; baseline -0.003 -32"><span class='ocrx_word' id='word_1_73' title='bbox 218 1911 416 1977; x_wconf 90' lang='lat' dir='ltr'><strong>Scribimus</strong></span> <span class='ocrx_word' id='word_1_74' title='bbox 441 1911 575 1975; x_wconf 90' lang='lat' dir='ltr'><strong>indocti</strong></span> <span class='ocrx_word' id='word_1_75' title='bbox 600 1913 764 1995; x_wconf 89' lang='lat' dir='ltr'><strong>dortique</strong></span> <span class='ocrx_word' id='word_1_76' title='bbox 789 1924 953 2008; x_wconf 87' lang='lat' dir='ltr'><strong>poemata</strong></span> <span class='ocrx_word' id='word_1_77' title='bbox 975 1913 1117 1995; x_wconf 89' lang='lat' dir='ltr'><strong>passim.</strong></span> 
     </span>
    </p>
   </div>
   <div class='ocr_carea' id='block_1_7' title="bbox 1068 2012 1370 2085">
    <p class='ocr_par' dir='ltr' id='par_1_7' title="bbox 1068 2012 1370 2085">
     <span class='ocr_line' id='line_1_15' title="bbox 1068 2012 1370 2085; baseline -0.007 -16"><span class='ocrx_word' id='word_1_78' title='bbox 1068 2020 1131 2085; x_wconf 88' lang='lat' dir='ltr'>[Ep.</span> <span class='ocrx_word' id='word_1_79' title='bbox 1151 2022 1189 2070; x_wconf 89' lang='lat'><strong>11.</strong></span> <span class='ocrx_word' id='word_1_80' title='bbox 1212 2032 1231 2069; x_wconf 93' lang='lat'><strong>1.</strong></span> <span class='ocrx_word' id='word_1_81' title='bbox 1254 2017 1302 2069; x_wconf 88' lang='lat'><strong>116</strong></span> <span class='ocrx_word' id='word_1_82' title='bbox 1321 2012 1370 2085; x_wconf 88' lang='lat' dir='ltr'><strong>sq.[</strong></span> 
     </span>
    </p>
   </div>
   <div class='ocr_carea' id='block_1_8' title="bbox 217 2120 1369 2294">
    <p class='ocr_par' dir='ltr' id='par_1_8' title="bbox 217 2120 1369 2294">
     <span class='ocr_line' id='line_1_16' title="bbox 217 2120 1144 2204; baseline 0.001 -20"><span class='ocrx_word' id='word_1_83' title='bbox 217 2120 382 2184; x_wconf 84' lang='lat' dir='ltr'>Carmine</span> <span class='ocrx_word' id='word_1_84' title='bbox 407 2120 443 2182; x_wconf 89' lang='lat' dir='ltr'><strong>di</strong></span> <span class='ocrx_word' id='word_1_85' title='bbox 466 2121 586 2203; x_wconf 90' lang='lat' dir='ltr'><strong>superi</strong></span> <span class='ocrx_word' id='word_1_86' title='bbox 609 2123 807 2204; x_wconf 80' lang='lat' dir='ltr'>placantur,</span> <span class='ocrx_word' id='word_1_87' title='bbox 833 2122 988 2185; x_wconf 83' lang='lat' dir='ltr'>carmine</span> <span class='ocrx_word' id='word_1_88' title='bbox 1012 2143 1144 2186; x_wconf 89' lang='lat' dir='ltr'><strong>manes.</strong></span> 
     </span>
     <span class='ocr_line' id='line_1_17' title="bbox 1117 2219 1369 2294; baseline -0.012 -16"><span class='ocrx_word' id='word_1_89' title='bbox 1117 2226 1178 2294; x_wconf 85' lang='lat' dir='ltr'>[Ep.</span> <span class='ocrx_word' id='word_1_90' title='bbox 1198 2230 1234 2279; x_wconf 84' lang='lat'><strong>11.</strong></span> <span class='ocrx_word' id='word_1_91' title='bbox 1258 2239 1279 2278; x_wconf 91' lang='lat'><strong>1.</strong></span> <span class='ocrx_word' id='word_1_92' title='bbox 1302 2219 1369 2293; x_wconf 84' lang='lat'>138.]</span> 
     </span>
    </p>
   </div>
   <div class='ocr_carea' id='block_1_9' title="bbox 215 2332 1369 2591">
    <p class='ocr_par' dir='ltr' id='par_1_9' title="bbox 215 2332 1369 2591">
     <span class='ocr_line' id='line_1_18' title="bbox 215 2332 1126 2418; baseline 0 -23"><span class='ocrx_word' id='word_1_93' title='bbox 215 2332 296 2396; x_wconf 89' lang='lat' dir='ltr'><strong>Non</strong></span> <span class='ocrx_word' id='word_1_94' title='bbox 320 2334 434 2418; x_wconf 85' lang='lat' dir='ltr'><strong>magis</strong></span> <span class='ocrx_word' id='word_1_95' title='bbox 458 2332 621 2415; x_wconf 83' lang='lat' dir='ltr'><strong>expressi</strong></span> <span class='ocrx_word' id='word_1_96' title='bbox 645 2334 766 2395; x_wconf 86' lang='lat' dir='ltr'><strong>vultus</strong></span> <span class='ocrx_word' id='word_1_97' title='bbox 790 2351 854 2414; x_wconf 89' lang='lat' dir='ltr'><strong>per</strong></span> <span class='ocrx_word' id='word_1_98' title='bbox 878 2352 989 2395; x_wconf 90' lang='lat' dir='ltr'><strong>aenea</strong></span> <span class='ocrx_word' id='word_1_99' title='bbox 1013 2333 1126 2415; x_wconf 78' lang='lat' dir='ltr'><strong>signa,</strong></span> 
     </span>
     <span class='ocr_line' id='line_1_19' title="bbox 215 2419 1249 2504; baseline 0 -22"><span class='ocrx_word' id='word_1_100' title='bbox 215 2420 329 2501; x_wconf 82' lang='lat' dir='ltr'><strong>Quam</strong></span> <span class='ocrx_word' id='word_1_101' title='bbox 354 2440 417 2504; x_wconf 90' lang='lat' dir='ltr'><strong>per</strong></span> <span class='ocrx_word' id='word_1_102' title='bbox 441 2420 533 2482; x_wconf 88' lang='lat' dir='ltr'><strong>vatis</strong></span> <span class='ocrx_word' id='word_1_103' title='bbox 557 2440 648 2501; x_wconf 90' lang='lat' dir='ltr'><strong>opus</strong></span> <span class='ocrx_word' id='word_1_104' title='bbox 674 2439 863 2500; x_wconf 88' lang='lat' dir='ltr'><strong>moresque</strong></span> <span class='ocrx_word' id='word_1_105' title='bbox 886 2419 1066 2501; x_wconf 83' lang='lat' dir='ltr'><strong>animique</strong></span> <span class='ocrx_word' id='word_1_106' title='bbox 1090 2420 1249 2482; x_wconf 87' lang='lat' dir='ltr'><strong>virorum</strong></span> 
     </span>
     <span class='ocr_line' id='line_1_20' title="bbox 215 2504 1369 2591; baseline 0.004 -22"><span class='ocrx_word' id='word_1_107' title='bbox 215 2504 400 2570; x_wconf 82' lang='lat' dir='ltr'>Clarorum</span> <span class='ocrx_word' id='word_1_108' title='bbox 424 2516 608 2589; x_wconf 90' lang='lat' dir='ltr'><strong>apparent.</strong></span> <span class='ocrx_word' id='word_1_109' title='bbox 1043 2522 1104 2590; x_wconf 77' lang='lat' dir='ltr'><strong>[Ep</strong></span> <span class='ocrx_word' id='word_1_110' title='bbox 1124 2526 1160 2575; x_wconf 87' lang='lat'><strong>11.</strong></span> <span class='ocrx_word' id='word_1_111' title='bbox 1184 2527 1207 2574; x_wconf 86' lang='lat'><strong>1.</strong></span> <span class='ocrx_word' id='word_1_112' title='bbox 1227 2523 1277 2587; x_wconf 85' lang='lat'><strong>248</strong></span> <span class='ocrx_word' id='word_1_113' title='bbox 1297 2517 1369 2591; x_wconf 78' lang='lat' dir='ltr'><strong>sqq]</strong></span> 
     </span>
    </p>
   </div>
   <div class='ocr_carea' id='block_1_10' title="bbox 215 2662 1368 2922">
    <p class='ocr_par' dir='ltr' id='par_1_10' title="bbox 215 2662 1368 2922">
     <span class='ocr_line' id='line_1_21' title="bbox 215 2662 1097 2744; baseline -0.001 -19"><span class='ocrx_word' id='word_1_114' title='bbox 215 2662 332 2726; x_wconf 87' lang='lat' dir='ltr'><strong>Discit</strong></span> <span class='ocrx_word' id='word_1_115' title='bbox 354 2701 397 2709; x_wconf 89' lang='lat'><em>-</em></span> <span class='ocrx_word' id='word_1_116' title='bbox 422 2664 526 2726; x_wconf 92' lang='lat' dir='ltr'><strong>citius</strong></span> <span class='ocrx_word' id='word_1_117' title='bbox 550 2664 780 2744; x_wconf 83' lang='lat' dir='ltr'><strong>meminitque</strong></span> <span class='ocrx_word' id='word_1_118' title='bbox 805 2663 974 2725; x_wconf 89' lang='lat' dir='ltr'><strong>libentius</strong></span> <span class='ocrx_word' id='word_1_119' title='bbox 999 2663 1097 2742; x_wconf 82' lang='lat' dir='ltr'><strong>illud,</strong></span> 
     </span>
     <span class='ocr_line' id='line_1_22' title="bbox 217 2749 1293 2833; baseline 0.001 -22"><span class='ocrx_word' id='word_1_120' title='bbox 217 2749 322 2830; x_wconf 81' lang='lat' dir='ltr'><strong>Quod</strong></span> <span class='ocrx_word' id='word_1_121' title='bbox 347 2749 425 2833; x_wconf 92' lang='lat' dir='ltr'><strong>quis</strong></span> <span class='ocrx_word' id='word_1_122' title='bbox 449 2751 600 2831; x_wconf 86' lang='lat' dir='ltr'><strong>deridet,</strong></span> <span class='ocrx_word' id='word_1_123' title='bbox 626 2770 734 2830; x_wconf 93' lang='lat' dir='ltr'><strong>quam</strong></span> <span class='ocrx_word' id='word_1_124' title='bbox 757 2750 854 2831; x_wconf 91' lang='lat' dir='ltr'><strong>quod</strong></span> <span class='ocrx_word' id='word_1_125' title='bbox 877 2752 1007 2832; x_wconf 87' lang='lat' dir='ltr'><strong>probat</strong></span> <span class='ocrx_word' id='word_1_126' title='bbox 1031 2759 1066 2812; x_wconf 91' lang='lat' dir='ltr'><strong>et</strong></span> <span class='ocrx_word' id='word_1_127' title='bbox 1090 2759 1293 2813; x_wconf 89' lang='lat' dir='ltr'><strong>veneratur.</strong></span> 
     </span>
     <span class='ocr_line' id='line_1_23' title="bbox 1063 2846 1368 2922; baseline 0.007 -19"><span class='ocrx_word' id='word_1_128' title='bbox 1063 2853 1124 2922; x_wconf 89' lang='lat' dir='ltr'>[Ep.</span> <span class='ocrx_word' id='word_1_129' title='bbox 1144 2856 1184 2903; x_wconf 89' lang='lat'><strong>11.</strong></span> <span class='ocrx_word' id='word_1_130' title='bbox 1206 2867 1226 2906; x_wconf 93' lang='lat'><strong>1.</strong></span> <span class='ocrx_word' id='word_1_131' title='bbox 1248 2846 1304 2904; x_wconf 65' lang='lat'><strong>262*</strong></span> <span class='ocrx_word' id='word_1_132' title='bbox 1318 2848 1368 2922; x_wconf 78' lang='lat' dir='ltr'><strong>sq]</strong></span> 
     </span>
    </p>
   </div>
   <div class='ocr_carea' id='block_1_11' title="bbox 212 2955 1200 3127">
    <p class='ocr_par' dir='ltr' id='par_1_11' title="bbox 212 2955 1200 3127">
     <span class='ocr_line' id='line_1_24' title="bbox 213 2955 1200 3040; baseline 0.003 -21"><span class='ocrx_word' id='word_1_133' title='bbox 213 2957 328 3020; x_wconf 92' lang='lat' dir='ltr'><strong>Multa</strong></span> <span class='ocrx_word' id='word_1_134' title='bbox 350 2955 457 3021; x_wconf 90' lang='lat' dir='ltr'><strong>fidem</strong></span> <span class='ocrx_word' id='word_1_135' title='bbox 482 2957 658 3040; x_wconf 90' lang='lat' dir='ltr'><strong>promissa</strong></span> <span class='ocrx_word' id='word_1_136' title='bbox 680 2960 810 3037; x_wconf 88' lang='lat' dir='ltr'><strong>levant,</strong></span> <span class='ocrx_word' id='word_1_137' title='bbox 835 2959 897 3020; x_wconf 91' lang='lat' dir='ltr'><strong>ubi</strong></span> <span class='ocrx_word' id='word_1_138' title='bbox 921 2959 1061 3040; x_wconf 85' lang='lat' dir='ltr'><strong>plenius</strong></span> <span class='ocrx_word' id='word_1_139' title='bbox 1086 2978 1200 3040; x_wconf 87' lang='lat' dir='ltr'><strong>aequo</strong></span> 
     </span>
     <span class='ocr_line' id='line_1_25' title="bbox 212 3044 1116 3127; baseline 0.002 -20"><span class='ocrx_word' id='word_1_140' title='bbox 212 3044 351 3108; x_wconf 91' lang='lat' dir='ltr'><strong>Laudat</strong></span> <span class='ocrx_word' id='word_1_141' title='bbox 375 3046 531 3126; x_wconf 62' lang='lat' dir='ltr'><strong>venales</strong></span> <span class='ocrx_word' id='word_1_142' title='bbox 557 3046 619 3127; x_wconf 89' lang='lat' dir='ltr'><strong>qui</strong></span> <span class='ocrx_word' id='word_1_143' title='bbox 642 3047 718 3108; x_wconf 89' lang='lat' dir='ltr'><strong>vult</strong></span> <span class='ocrx_word' id='word_1_144' title='bbox 742 3046 945 3125; x_wconf 84' lang='lat' dir='ltr'><strong>extrudere,</strong></span> <span class='ocrx_word' id='word_1_145' title='bbox 970 3065 1116 3109; x_wconf 89' lang='lat' dir='ltr'><strong>merces.</strong></span> 
     </span>
    </p>
   </div>
   <div class='ocr_carea' id='block_1_12' title="bbox 215 3146 1367 3341">
    <p class='ocr_par' dir='ltr' id='par_1_12' title="bbox 215 3146 1367 3341">
     <span class='ocr_line' id='line_1_26' title="bbox 1080 3146 1366 3219; baseline 0.007 -20"><span class='ocrx_word' id='word_1_146' title='bbox 1080 3148 1140 3217; x_wconf 88' lang='lat' dir='ltr'>[Ep.</span> <span class='ocrx_word' id='word_1_147' title='bbox 1161 3153 1197 3200; x_wconf 89' lang='lat'><strong>11.</strong></span> <span class='ocrx_word' id='word_1_148' title='bbox 1218 3163 1241 3201; x_wconf 87' lang='lat'><strong>2.</strong></span> <span class='ocrx_word' id='word_1_149' title='bbox 1264 3163 1294 3201; x_wconf 92' lang='lat'><strong>10</strong></span> <span class='ocrx_word' id='word_1_150' title='bbox 1317 3146 1366 3219; x_wconf 82' lang='lat' dir='ltr'><strong>sq]</strong></span> 
     </span>
     <span class='ocr_line' id='line_1_27' title="bbox 215 3252 1367 3341; baseline 0.005 -23"><span class='ocrx_word' id='word_1_151' title='bbox 215 3252 368 3337; x_wconf 83' lang='lat' dir='ltr'><strong>Singula</strong></span> <span class='ocrx_word' id='word_1_152' title='bbox 391 3257 436 3317; x_wconf 91' lang='lat' dir='ltr'><strong>de</strong></span> <span class='ocrx_word' id='word_1_153' title='bbox 460 3254 563 3317; x_wconf 90' lang='lat' dir='ltr'><strong>nobis</strong></span> <span class='ocrx_word' id='word_1_154' title='bbox 587 3254 669 3316; x_wconf 91' lang='lat' dir='ltr'><strong>anni</strong></span> <span class='ocrx_word' id='word_1_155' title='bbox 692 3255 912 3335; x_wconf 87' lang='lat' dir='ltr'><strong>praedantur</strong></span> <span class='ocrx_word' id='word_1_156' title='bbox 937 3265 1073 3318; x_wconf 80' lang='lat' dir='ltr'><strong>euntes</strong></span> <span class='ocrx_word' id='word_1_157' title='bbox 1135 3271 1294 3340; x_wconf 78' lang='lat' dir='ltr'>[Ep.11.2.</span> <span class='ocrx_word' id='word_1_158' title='bbox 1315 3268 1367 3341; x_wconf 86' lang='grc'><strong>55]</strong></span> 
     </span>
    </p>
   </div>
   <div class='ocr_carea' id='block_1_13' title="bbox 316 3409 1366 3498">
    <p class='ocr_par' dir='ltr' id='par_1_13' title="bbox 316 3409 1366 3498">
     <span class='ocr_line' id='line_1_28' title="bbox 316 3409 1366 3498; baseline 0.01 -27"><span class='ocrx_word' id='word_1_159' title='bbox 316 3409 398 3472; x_wconf 91' lang='lat' dir='ltr'><strong>Non</strong></span> <span class='ocrx_word' id='word_1_160' title='bbox 423 3430 545 3472; x_wconf 89' lang='lat' dir='ltr'><strong>omnes</strong></span> <span class='ocrx_word' id='word_1_161' title='bbox 570 3411 695 3472; x_wconf 91' lang='lat' dir='ltr'><strong>eadem</strong></span> <span class='ocrx_word' id='word_1_162' title='bbox 719 3411 889 3473; x_wconf 90' lang='lat' dir='ltr'><strong>mirantur</strong></span> <span class='ocrx_word' id='word_1_163' title='bbox 914 3421 1113 3494; x_wconf 87' lang='lat' dir='ltr'><strong>amantque.</strong></span> <span class='ocrx_word' id='word_1_164' title='bbox 1136 3424 1366 3498; x_wconf 76' lang='lat' dir='ltr'>[Ep.11.2.58.]</span> 
     </span>
    </p>
   </div>
   <div class='ocr_carea' id='block_1_14' title="bbox 211 3564 1367 3827">
    <p class='ocr_par' dir='ltr' id='par_1_14' title="bbox 211 3564 1367 3827">
     <span class='ocr_line' id='line_1_29' title="bbox 212 3564 1367 3650; baseline 0.005 -23"><span class='ocrx_word' id='word_1_165' title='bbox 212 3564 306 3646; x_wconf 75' lang='lat' dir='ltr'><strong>Quid</strong></span> <span class='ocrx_word' id='word_1_166' title='bbox 331 3567 436 3628; x_wconf 82' lang='lat' dir='ltr'><strong>dem?</strong></span> <span class='ocrx_word' id='word_1_167' title='bbox 460 3567 545 3647; x_wconf 91' lang='lat' dir='ltr'><strong>quid</strong></span> <span class='ocrx_word' id='word_1_168' title='bbox 570 3587 641 3630; x_wconf 92' lang='lat' dir='ltr'><strong>non</strong></span> <span class='ocrx_word' id='word_1_169' title='bbox 666 3570 770 3631; x_wconf 84' lang='lat' dir='ltr'><strong>dem?</strong></span> <span class='ocrx_word' id='word_1_170' title='bbox 798 3568 918 3631; x_wconf 90' lang='lat' dir='ltr'><strong>renuis</strong></span> <span class='ocrx_word' id='word_1_171' title='bbox 941 3579 990 3648; x_wconf 82' lang='lat' dir='ltr'><strong>tu,</strong></span> <span class='ocrx_word' id='word_1_172' title='bbox 1015 3570 1112 3650; x_wconf 88' lang='lat' dir='ltr'><strong>quod</strong></span> <span class='ocrx_word' id='word_1_173' title='bbox 1136 3569 1235 3632; x_wconf 90' lang='lat' dir='ltr'><strong>iubet</strong></span> <span class='ocrx_word' id='word_1_174' title='bbox 1259 3570 1367 3642; x_wconf 84' lang='lat' dir='ltr'><strong>alter;</strong></span> 
     </span>
     <span class='ocr_line' id='line_1_30' title="bbox 211 3651 1283 3737; baseline 0.005 -23"><span class='ocrx_word' id='word_1_175' title='bbox 211 3651 316 3732; x_wconf 83' lang='lat' dir='ltr'><strong>Quod</strong></span> <span class='ocrx_word' id='word_1_176' title='bbox 339 3652 444 3734; x_wconf 69' lang='lat' dir='ltr'><strong>petis,</strong></span> <span class='ocrx_word' id='word_1_177' title='bbox 468 3654 503 3715; x_wconf 93' lang='lat' dir='ltr'><strong>id</strong></span> <span class='ocrx_word' id='word_1_178' title='bbox 528 3657 618 3717; x_wconf 78' lang='lat' dir='ltr'><strong>sane&#39;</strong></span> <span class='ocrx_word' id='word_1_179' title='bbox 639 3664 694 3717; x_wconf 92' lang='lat' dir='ltr'><strong>est</strong></span> <span class='ocrx_word' id='word_1_180' title='bbox 717 3655 869 3718; x_wconf 86' lang='lat' dir='ltr'><strong>invisum</strong></span> <span class='ocrx_word' id='word_1_181' title='bbox 894 3654 1108 3737; x_wconf 89' lang='lat' dir='ltr'><strong>acidumque</strong></span> <span class='ocrx_word' id='word_1_182' title='bbox 1132 3658 1283 3720; x_wconf 88' lang='lat' dir='ltr'><strong>duobus.</strong></span> 
     </span>
     <span class='ocr_line' id='line_1_31' title="bbox 1076 3755 1367 3827; baseline 0.007 -19"><span class='ocrx_word' id='word_1_183' title='bbox 1076 3760 1137 3827; x_wconf 88' lang='lat' dir='ltr'>[Ep.</span> <span class='ocrx_word' id='word_1_184' title='bbox 1157 3764 1193 3809; x_wconf 83' lang='lat'><strong>11.</strong></span> <span class='ocrx_word' id='word_1_185' title='bbox 1215 3773 1240 3819; x_wconf 85' lang='lat'><strong>3.</strong></span> <span class='ocrx_word' id='word_1_186' title='bbox 1265 3761 1296 3823; x_wconf 85' lang='lat'><strong>63</strong></span> <span class='ocrx_word' id='word_1_187' title='bbox 1317 3755 1367 3825; x_wconf 82' lang='lat' dir='ltr'><strong>sq]</strong></span> 
     </span>
    </p>
   </div>
   <div class='ocr_carea' id='block_1_15' title="bbox 209 3857 1312 4034">
    <p class='ocr_par' dir='ltr' id='par_1_15' title="bbox 209 3857 1312 4034">
     <span class='ocr_line' id='line_1_32' title="bbox 210 3857 1312 3947; baseline 0.005 -24"><span class='ocrx_word' id='word_1_188' title='bbox 210 3857 433 3942; x_wconf 87' lang='lat' dir='ltr'><strong>Scriptorum</strong></span> <span class='ocrx_word' id='word_1_189' title='bbox 457 3862 587 3924; x_wconf 90' lang='lat' dir='ltr'><strong>chorus</strong></span> <span class='ocrx_word' id='word_1_190' title='bbox 611 3865 725 3926; x_wconf 90' lang='lat' dir='ltr'><strong>omnis</strong></span> <span class='ocrx_word' id='word_1_191' title='bbox 749 3874 845 3926; x_wconf 91' lang='lat' dir='ltr'><strong>amat</strong></span> <span class='ocrx_word' id='word_1_192' title='bbox 869 3884 994 3926; x_wconf 91' lang='lat' dir='ltr'><strong>nemus</strong></span> <span class='ocrx_word' id='word_1_193' title='bbox 1019 3874 1054 3927; x_wconf 91' lang='lat' dir='ltr'><strong>et</strong></span> <span class='ocrx_word' id='word_1_194' title='bbox 1076 3863 1170 3947; x_wconf 85' lang='lat' dir='ltr'><strong>fugit</strong></span> <span class='ocrx_word' id='word_1_195' title='bbox 1193 3867 1312 3946; x_wconf 90' lang='lat' dir='ltr'><strong>urbes,</strong></span> 
     </span>
     <span class='ocr_line' id='line_1_33' title="bbox 209 3947 1174 4034; baseline 0.004 -24"><span class='ocrx_word' id='word_1_196' title='bbox 209 3947 296 4010; x_wconf 89' lang='lat' dir='ltr'><strong>Rite</strong></span> <span class='ocrx_word' id='word_1_197' title='bbox 321 3948 431 4011; x_wconf 88' lang='lat' dir='ltr'><strong>cliens</strong></span> <span class='ocrx_word' id='word_1_198' title='bbox 456 3948 591 4012; x_wconf 89' lang='lat' dir='ltr'><strong>Bacchi</strong></span> <span class='ocrx_word' id='word_1_199' title='bbox 616 3969 741 4012; x_wconf 90' lang='lat' dir='ltr'><strong>somno</strong></span> <span class='ocrx_word' id='word_1_200' title='bbox 765 3951 956 4034; x_wconf 85' lang='lat' dir='ltr'><strong>gaudentis</strong></span> <span class='ocrx_word' id='word_1_201' title='bbox 982 3960 1016 4014; x_wconf 94' lang='lat' dir='ltr'><strong>et</strong></span> <span class='ocrx_word' id='word_1_202' title='bbox 1040 3952 1174 4014; x_wconf 90' lang='lat' dir='ltr'><strong>umbra.</strong></span> 
     </span>
    </p>
   </div>
   <div class='ocr_carea' id='block_1_16' title="bbox 207 4051 1366 4622">
    <p class='ocr_par' dir='ltr' id='par_1_16' title="bbox 207 4051 1366 4622">
     <span class='ocr_line' id='line_1_34' title="bbox 1129 4051 1366 4125; baseline 0.008 -2"><span class='ocrx_word' id='word_1_203' title='bbox 1129 4055 1189 4123; x_wconf 67' lang='lat' dir='ltr'>[Er.</span> <span class='ocrx_word' id='word_1_204' title='bbox 1211 4059 1248 4108; x_wconf 80' lang='lat'><strong>11-</strong></span> <span class='ocrx_word' id='word_1_205' title='bbox 1269 4066 1292 4108; x_wconf 81' lang='lat'><strong>2·</strong></span> <span class='ocrx_word' id='word_1_206' title='bbox 1314 4051 1366 4125; x_wconf 70' lang='lat' dir='ltr'><strong>rr]</strong></span> 
     </span>
     <span class='ocr_line' id='line_1_35' title="bbox 209 4134 1153 4239; baseline 0.004 -22"><span class='ocrx_word' id='word_1_207' title='bbox 209 4153 377 4218; x_wconf 87' lang='lat' dir='ltr'><strong>Gaudent</strong></span> <span class='ocrx_word' id='word_1_208' title='bbox 400 4155 601 4218; x_wconf 89' lang='lat' dir='ltr'><strong>scribentes</strong></span> <span class='ocrx_word' id='word_1_209' title='bbox 628 4166 663 4219; x_wconf 91' lang='lat' dir='ltr'><strong>et</strong></span> <span class='ocrx_word' id='word_1_210' title='bbox 687 4177 725 4219; x_wconf 91' lang='lat' dir='ltr'><strong>se</strong></span> <span class='ocrx_word' id='word_1_211' title='bbox 748 4168 966 4220; x_wconf 89' lang='lat' dir='ltr'><strong>venerantur</strong></span> <span class='ocrx_word' id='word_1_212' title='bbox 991 4134 1026 4220; x_wconf 91' lang='lat' dir='ltr'><strong>et</strong></span> <span class='ocrx_word' id='word_1_213' title='bbox 1050 4161 1153 4239; x_wconf 84' lang='lat' dir='ltr'><strong>ultro,</strong></span> 
     </span>
     <span class='ocr_line' id='line_1_36' title="bbox 210 4238 1131 4327; baseline 0.004 -23"><span class='ocrx_word' id='word_1_214' title='bbox 210 4238 248 4304; x_wconf 90' lang='lat' dir='ltr'><strong>Si</strong></span> <span class='ocrx_word' id='word_1_215' title='bbox 272 4252 406 4322; x_wconf 81' lang='lat' dir='ltr'><strong>taceas,</strong></span> <span class='ocrx_word' id='word_1_216' title='bbox 430 4243 588 4323; x_wconf 82' lang='lat' dir='ltr'><strong>laudant,</strong></span> <span class='ocrx_word' id='word_1_217' title='bbox 614 4243 790 4325; x_wconf 91' lang='lat' dir='ltr'><strong>quidquid</strong></span> <span class='ocrx_word' id='word_1_218' title='bbox 814 4244 1000 4327; x_wconf 85' lang='lat' dir='ltr'><strong>scripsere,</strong></span> <span class='ocrx_word' id='word_1_219' title='bbox 1025 4247 1131 4308; x_wconf 89' lang='lat' dir='ltr'><strong>beati.</strong></span> 
     </span>
     <span class='ocr_line' id='line_1_37' title="bbox 1056 4348 1365 4418; baseline 0.006 -19"><span class='ocrx_word' id='word_1_220' title='bbox 1056 4349 1119 4417; x_wconf 85' lang='lat' dir='ltr'>[Ep.</span> <span class='ocrx_word' id='word_1_221' title='bbox 1139 4353 1175 4403; x_wconf 87' lang='lat'><strong>11.</strong></span> <span class='ocrx_word' id='word_1_222' title='bbox 1198 4363 1221 4402; x_wconf 88' lang='lat'><strong>2.</strong></span> <span class='ocrx_word' id='word_1_223' title='bbox 1245 4363 1293 4415; x_wconf 88' lang='lat'><strong>107</strong></span> <span class='ocrx_word' id='word_1_224' title='bbox 1314 4348 1365 4418; x_wconf 78' lang='lat' dir='ltr'><strong>sq]</strong></span> 
     </span>
     <span class='ocr_line' id='line_1_38' title="bbox 210 4449 1123 4535; baseline 0.007 -24"><span class='ocrx_word' id='word_1_225' title='bbox 210 4449 446 4512; x_wconf 88' lang='lat' dir='ltr'><strong>Praetulerim</strong></span> <span class='ocrx_word' id='word_1_226' title='bbox 470 4451 624 4531; x_wconf 90' lang='lat' dir='ltr'><strong>scriptor</strong></span> <span class='ocrx_word' id='word_1_227' title='bbox 649 4452 782 4514; x_wconf 92' lang='lat' dir='ltr'><strong>delirus</strong></span> <span class='ocrx_word' id='word_1_228' title='bbox 807 4453 974 4535; x_wconf 89' lang='lat' dir='ltr'><strong>inersque</strong></span> <span class='ocrx_word' id='word_1_229' title='bbox 999 4455 1123 4533; x_wconf 84' lang='lat' dir='ltr'><strong>videri,</strong></span> 
     </span>
     <span class='ocr_line' id='line_1_39' title="bbox 207 4536 1230 4622; baseline 0.005 -25"><span class='ocrx_word' id='word_1_230' title='bbox 207 4536 303 4598; x_wconf 89' lang='lat' dir='ltr'><strong>Dum</strong></span> <span class='ocrx_word' id='word_1_231' title='bbox 326 4556 406 4598; x_wconf 90' lang='lat' dir='ltr'><strong>mea</strong></span> <span class='ocrx_word' id='word_1_232' title='bbox 430 4537 612 4600; x_wconf 88' lang='lat' dir='ltr'><strong>delectent</strong></span> <span class='ocrx_word' id='word_1_233' title='bbox 637 4539 730 4601; x_wconf 92' lang='lat' dir='ltr'><strong>mala</strong></span> <span class='ocrx_word' id='word_1_234' title='bbox 754 4559 809 4602; x_wconf 93' lang='lat' dir='ltr'><strong>me</strong></span> <span class='ocrx_word' id='word_1_235' title='bbox 832 4541 891 4602; x_wconf 89' lang='lat' dir='ltr'><strong>vel</strong></span> <span class='ocrx_word' id='word_1_236' title='bbox 918 4543 1073 4622; x_wconf 92' lang='lat' dir='ltr'><strong>denique</strong></span> <span class='ocrx_word' id='word_1_237' title='bbox 1096 4541 1230 4604; x_wconf 88' lang='lat' dir='ltr'><strong>fallant.</strong></span> 
     </span>
    </p>
   </div>
   <div class='ocr_carea' id='block_1_17' title="bbox 211 4624 1364 4715">
    <p class='ocr_par' dir='ltr' id='par_1_17' title="bbox 211 4624 1364 4715">
     <span class='ocr_line' id='line_1_40' title="bbox 211 4624 1364 4715; baseline 0.002 -30"><span class='ocrx_word' id='word_1_238' title='bbox 211 4624 325 4706; x_wconf 85' lang='lat' dir='ltr'><strong>Quam</strong></span> <span class='ocrx_word' id='word_1_239' title='bbox 350 4642 477 4705; x_wconf 93' lang='lat' dir='ltr'><strong>sapere</strong></span> <span class='ocrx_word' id='word_1_240' title='bbox 502 4634 537 4686; x_wconf 90' lang='lat' dir='ltr'><strong>et</strong></span> <span class='ocrx_word' id='word_1_241' title='bbox 560 4625 677 4708; x_wconf 83' lang='lat' dir='ltr'><strong>ringi?</strong></span> <span class='ocrx_word' id='word_1_242' title='bbox 1054 4644 1116 4712; x_wconf 83' lang='lat' dir='ltr'>[Ep.</span> <span class='ocrx_word' id='word_1_243' title='bbox 1132 4647 1168 4693; x_wconf 88' lang='lat'><strong>11.</strong></span> <span class='ocrx_word' id='word_1_244' title='bbox 1189 4659 1212 4698; x_wconf 73' lang='lat'><strong>2,</strong></span> <span class='ocrx_word' id='word_1_245' title='bbox 1235 4646 1282 4697; x_wconf 85' lang='lat'><strong>126</strong></span> <span class='ocrx_word' id='word_1_246' title='bbox 1296 4646 1364 4715; x_wconf 84' lang='lat' dir='ltr'><strong>sqq]</strong></span> 
     </span>
    </p>
   </div>
   <div class='ocr_carea' id='block_1_18' title="bbox 0 0 1624 5040">
    <p class='ocr_par' dir='ltr' id='par_1_18' title="bbox 0 0 1624 5040">
     <span class='ocr_line' id='line_1_41' title="bbox 0 0 1624 5040; baseline 0 3"><span class='ocrx_word' id='word_1_247' title='bbox 0 0 1624 5040; x_wconf 95' lang='lat' dir='ltr'><strong> </strong></span> 
     </span>
    </p>
   </div>
  </div>
 </body>
</html>
