3240 5040
224 525 293 606 Qui
316 525 456 606 species
481 524 570 586 alias
593 526 689 586 veris
714 523 933 603 scelerisque
958 523 1112 584 tumultu

225 611 425 674 Permixtas
450 611 578 692 capiet,
604 621 800 674 commotus
824 609 1028 687 habebitur,
1053 619 1159 690 atque

224 696 430 760 Stultitiane
455 706 559 778 erret,
585 698 733 760 nihilum
757 697 915 776 distabit,
940 715 984 757 an
1009 696 1069 758 ira.

1049 782 1116 847 [Sat.
1136 784 1173 833 ΙΙ,
1194 795 1217 843 3.
1238 782 1288 832 208
1308 781 1377 847 sqq.]

828 887 901 950 Ubi
925 906 1039 970 prava

226 973 396 1055 Stultitia,
419 975 477 1037 hic
501 995 637 1038 summa
661 987 714 1038 est
738 976 884 1037 insania.
1068 992 1134 1058 [Sat.
1154 994 1192 1042 11.
1212 1003 1234 1052 3.
1255 1002 1306 1040 220
1325 990 1376 1056 sq.]

869 1097 971 1179 Quae
995 1117 1052 1159 res

222 1184 298 1246 Nec
322 1187 465 1247 modum
488 1185 598 1246 habet
622 1203 738 1265 neque
763 1184 958 1262 consilium,
982 1184 1120 1246 ratione
1144 1182 1321 1264 modoque

222 1270 383 1352 Tractari
407 1290 477 1332 non
500 1271 586 1334 vult.
611 1270 652 1333 In
676 1290 795 1333 amore
818 1272 909 1333 haec
934 1281 1017 1333 sunt
1040 1270 1150 1333 mala:
1173 1270 1318 1348 bellum,

221 1358 300 1420 Pax
324 1378 474 1420 rursum.
498 1357 601 1420 Haec
625 1359 655 1419 si
679 1358 758 1439 quis
782 1358 1005 1440 tempestatis
1029 1377 1141 1439 prope
1165 1357 1235 1418 ritu

221 1444 371 1507 Mobilia
395 1455 431 1507 et
455 1464 563 1508 caeca
585 1443 761 1507 fluitantia
785 1455 881 1507 sorte
905 1445 1047 1506 laboret

216 1531 392 1616 ¹Reddere
417 1542 517 1595 certa
540 1532 618 1612 sibi,
644 1532 752 1593 nihilo
775 1533 857 1612 plus
882 1532 1051 1613 explicet,
1076 1550 1119 1593 ac
1145 1531 1175 1592 si

220 1618 384 1681 Insanire
406 1629 509 1701 paret
533 1629 632 1681 certa
654 1619 791 1681 ratione
815 1620 1002 1700 modoque.
1058 1635 1124 1700 [Sat.
1138 1637 1174 1685 11.
1189 1648 1212 1695 3.
1232 1636 1281 1698 2⁶5
1303 1635 1372 1701 sqq.]

219 1739 455 1821 Nequaquam
479 1741 566 1802 satis
590 1741 625 1801 in
650 1759 688 1803 re
712 1760 784 1802 una
809 1760 1021 1802 consumere
1046 1759 1175 1802 curam.

1133 1844 1199 1909 [Sat.
1219 1846 1257 1893 11.
1276 1859 1299 1907 4.
1319 1844 1374 1910 48]

1044 1947 1133 2009 Mihi
1157 1967 1243 2010 cura

218 2033 298 2097 Non
322 2034 510 2096 mediocris
535 2035 638 2114 inest,
661 2034 780 2097 fontes
804 2045 842 2096 ut
866 2037 964 2097 adire
988 2044 1144 2097 remotos

219 2120 342 2201 Atque
366 2121 516 2183 haurire'
533 2141 661 2202 queam
686 2123 781 2184 vitae
804 2132 1000 2204 praecepta
1022 2124 1162 2184 beatae.

1078 2226 1244 2291 [Sat-114·
1266 2239 1297 2292 93
1320 2227 1372 2292 su]

217 2329 262 2394 Et
285 2350 402 2413 genus
427 2339 463 2392 et
485 2329 610 2409 virtus,
635 2331 702 2391 nisi
727 2350 807 2393 cum
831 2349 879 2410 re,
903 2330 1006 2392 vilior
1030 2331 1113 2412 alga
1139 2340 1203 2392 est.

1148 2433 1212 2501 [Sat.
1232 2437 1269 2486 II.
1291 2447 1312 2499 5.
1333 2434 1369 2502 8.]

261 2537 368 2602 Canis
392 2560 413 2601 a
437 2540 533 2602 corio
557 2559 739 2620 nunquam
763 2539 1026 2601 absterrebitur
1050 2549 1169 2692 unct[(S›.
1359 2625 1369 2693 ]

1160 2635 1194 2676 at.
1214 2629 1250 2678 II.
1273 2637 1294 2690 5.
1315 2628 1355 2688 83.

819 2726 952 2792 Cautus
977 2731 1084 2809 adito,

214 2818 292 2880 Neu
317 2817 412 2880 desis
436 2837 579 2899 operae,
604 2835 696 2879 neve
720 2816 973 2879 immoderatus
998 2808 1188 2879 abundes'

215 2902 406 2966 Difficilem
430 2914 465 2966 et
488 2923 666 2966 morosum
691 2902 851 2966 offendes
876 2906 1060 2986 garrulus;
1086 2906 1182 2966 ultra
1204 2941 1206 2946 ·

212 2991 292 3054 Non
317 2991 423 3054 etiam
447 2991 563 3053 sileas.
1061 3007 1181 3074 [Sat.11.
1203 3020 1225 3072 5.
1246 3010 1279 3059 88
1298 3009 1367 3077 sqq.]

943 3114 1144 3176 Terrestria
1167 3151 1208 3158 -

213 3200 386 3263 Mortales
410 3201 545 3262 animas
569 3199 695 3261 vivunt
719 3199 853 3278 sortita,
878 3220 996 3282 neque
1020 3202 1093 3263 ulla
1117 3211 1171 3262 est

212 3287 289 3350 Aut
313 3307 443 3370 magno
467 3296 528 3348 aut
551 3305 663 3368 parvo
686 3286 750 3348 leti
772 3285 877 3369 fuga:
904 3307 975 3368 quo
1000 3324 1041 3333 —
1067 3287 1173 3367 circa,

213 3375 307 3437 Dum
331 3374 431 3454 licet,
450 3373 486 3435 in
509 3376 619 3436 rebus
642 3373 806 3436 iucundis
829 3374 911 3435 vive
935 3376 1075 3454 beatuS,

213 3461 304 3523 Vive
328 3480 472 3540 memor,
497 3480 602 3541 quam
627 3460 675 3522 sis
698 3461 778 3522 aevi
801 3461 932 3524 brevis.
1060 3477 1125 3545 [Sat.
1144 3481 1181 3529 11.
1201 3479 1225 3530 6.
1245 3491 1277 3546 93
1298 3478 1366 3546 sqq.]

212 3584 301 3646 Pars
324 3583 505 3644 hominum
529 3581 624 3643 vitiis
648 3581 783 3664 gaudet
808 3591 1015 3644 constanter
1039 3593 1075 3643 et
1098 3592 1206 3665 urget

173 3709 176 3716 ·
212 3669 454 3751 Propositum;
478 3689 561 3750 pars
585 3670 696 3730 multa
720 3677 831 3748 natat,
855 3669 961 3731 modo
986 3679 1086 3731 recta
1110 3689 1314 3750 capessenS,

211 3757 394 3820 Interdum
417 3755 539 3837 pravis
563 3756 730 3817 obnoxia.
1072 3771 1138 3839 [Sat.
1159 3776 1195 3823 11.
1216 3785 1238 3835 7.
1260 3774 1275 3822 6
1295 3773 1363 3841 sqq.]

985 3877 1127 3940 Laudas

209 3966 407 4028 Fortunam
431 3973 466 4028 et
490 3983 607 4026 mores
632 3964 799 4045 antiquae
824 3965 951 4046 plebis,
977 3974 1011 4026 et
1035 3965 1140 4044 idem,

210 4051 249 4116 Si
273 4052 352 4133 quis
377 4053 422 4113 ad
445 4052 507 4114 illa
531 4053 620 4113 deus
644 4052 763 4113 subito
788 4060 823 4113 te
847 4062 942 4134 agat,
967 4071 1082 4133 usque
1106 4071 1267 4131 recuses,

210 4142 285 4202 Aut
309 4137 393 4220 quia
416 4157 487 4200 non
510 4136 631 4200 firmus
655 4148 793 4200 rectum
817 4138 982 4200 defendis
1007 4150 1043 4200 et
1066 4141 1192 4201 haeres

208 4227 436 4308 Nequiquam
460 4245 570 4288 caeno
595 4227 742 4307 cupiens
766 4227 922 4288 evellere
946 4228 1115 4307 plantam.

1055 4329 1120 4397 [Sat.
1140 4332 1177 4380 11.
1198 4342 1220 4392 7.
1241 4341 1273 4378 22
1292 4328 1361 4396 sqq.]

938 4436 1039 4518 Quae
1063 4437 1172 4498 belua
1195 4435 1320 4514 ruptis,

209 4520 296 4585 Cum
320 4524 430 4585 semel
455 4521 591 4605 effugit,
615 4523 734 4585 reddit
758 4543 797 4585 se
819 4543 932 4603 prava
957 4524 1118 4585 catenis?

1073 4625 1139 4693 [Sat.
1158 4629 1196 4676 ΙΙ.
1217 4638 1240 4690 7.
1261 4639 1293 4690 70
1312 4624 1362 4692 sq.]
