3240 5040
209 538 292 601 Iura
316 539 462 600 inventa
484 547 580 599 metu
606 536 727 597 iniusti
750 534 886 598 fateare
910 555 1059 598 necesse
1084 546 1149 615 est,

209 627 386 708 Tempora
411 625 440 687 si
463 624 647 704 fastosque
670 621 762 684 velis
787 624 956 686 evolvere
979 623 1111 685 mundi.

207 712 283 774 Nec
307 721 434 774 natura
457 721 578 792 potest
601 710 695 772 iusto
719 729 909 773 secernere
934 710 1106 791 iniquum,

212 799 349 862 Dividit
373 809 412 861 ut
435 800 532 861 bona
555 796 716 875 diversiS,
740 795 914 880 fugienda
936 796 1120 879 petendis;

209 886 285 948 Nec
308 888 429 949 vincet
453 884 545 948 ratio
568 886 647 962 hoc,
671 885 883 946 tantundem
907 895 946 946 ut
971 892 1098 966 peccet
1122 883 1298 964 idemque,

209 973 278 1056 Qui
302 983 449 1035 teneros
474 972 596 1034 caules
621 970 727 1033 alieni
749 970 900 1054 fregerit
923 972 1016 1034 horti

208 1059 253 1122 Et
277 1061 339 1141 qui
364 1069 560 1121 nocturnus
584 1076 687 1119 sacra
709 1057 830 1121 divum
854 1058 993 1141 legerit.
1018 1057 1127 1120 Adsit

210 1147 368 1229 Regula,
392 1146 552 1228 peccatis
576 1164 669 1226 quae
692 1164 827 1225 poenas
851 1145 988 1228 irroget
1013 1164 1156 1225 aequas

1047 1249 1117 1314 [Sat.
1138 1251 1160 1298 1.
1180 1260 1203 1310 3.
1225 1260 1271 1297 111
1296 1246 1368 1312 sqq.]

422 1353 573 1437 Sapiens
597 1354 782 1435 operis-
806 1355 961 1435 optimus
985 1353 1098 1416 omnis

210 1443 273 1504 Est
298 1442 431 1524 opifex,
457 1444 554 1505 solus
579 1477 620 1487 -
643 1461 719 1504 rex.
1072 1459 1139 1523 [Sat.
1158 1459 1180 1507 1.
1201 1471 1224 1518 3·
1247 1468 1294 1519 132
1315 1455 1367 1522 sq.]

675 1564 720 1625 Et
743 1563 827 1625 mihi
851 1563 976 1625 dulces

213 1652 420 1734 ignoscent,
444 1651 474 1712 si
498 1651 584 1731 quid
609 1670 761 1732 peccaro
786 1651 926 1728 stultuS,
951 1649 1064 1729 amici,

211 1739 327 1818 Inque
352 1738 467 1800 vicem
492 1738 632 1800 illorum
655 1738 770 1818 patiar
794 1737 927 1799 delicta
950 1737 1113 1799 libenter.

1057 1837 1367 1906 [wlsmmm

211 1947 292 2009 Non
319 1947 407 2009 satis
431 1956 485 2009 est
508 1947 606 2029 puris
630 1967 774 2009 versum
797 1946 1023 2040 perscribere
1047 1944 1177 2008 verbis.

1142 2045 1367 2116 &Mani

556 2155 758 2218 Absentem
783 2156 844 2237 qui
867 2155 971 2237 rodit,
996 2156 1147 2217 amicum

213 2244 281 2324 Qui
307 2263 377 2305 non
402 2242 564 2305 defendit
587 2243 658 2304 alio
683 2244 860 2323 culpante,
885 2243 1021 2304 solutos

211 2333 280 2414 Qui
305 2340 426 2413 captat
450 2330 543 2393 risus
567 2330 749 2392 hominum
772 2328 978 2410 famamque
1003 2329 1147 2408 dicacis,

211 2419 368 2502 Fingere
392 2417 453 2498 qui
477 2436 548 2479 non
572 2416 651 2478 visa
674 2425 804 2498 potest,
830 2417 1018 2478 commissa
1041 2426 1162 2478 tacere

211 2505 281 2586 Qui
305 2506 446 2586 nequit:
470 2504 528 2566 hic
554 2504 657 2586 niger
681 2514 746 2583 est,
770 2505 865 2565 hunc
890 2513 940 2582 tu,
964 2503 1148 2587 Romane,
1166 2510 1303 2564 caveto.

1079 2605 1141 2674 [Sat.
1161 2609 1181 2657 Ι.
1202 2623 1226 2671 4.
1247 2607 1276 2656 81
1298 2604 1368 2671 sqq.]

329 2715 490 2776 Teneros
514 2715 650 2777 animos
675 2715 791 2776 aliena
814 2714 1009 2796 opprobria
1032 2732 1141 2794 saepe

214 2802 431 2864 Absterrent
455 2800 560 2864 vitiis.
1076 2817 1143 2882 [Sat.
1161 2819 1183 2866 Ι.
1204 2831 1227 2879 4.
1250 2817 1297 2865 128
1317 2816 1368 2881 sq.]

807 2923 1010 2985 Persuades
1034 2924 1102 2984 hoc
1127 2921 1193 2983 tibi
1216 2940 1312 3000 vere,

213 3012 310 3072 Ante
334 3019 550 3090 potestatem
575 3010 669 3070 Tulli
694 3020 802 3090 atque
826 3008 985 3090 ignobile
1010 3028 1163 3091 regnum

212 3097 347 3159 Multos
372 3116 480 3178 saepe
504 3097 602 3158 viros
626 3096 733 3158 nullis
757 3095 952 3158 maioribus
977 3105 1074 3157 ortos
1146 3137 1148 3142 -

213 3183 258 3244 Et
282 3183 418 3245 vixisse
442 3185 586 3265 probOS,
606 3183 732 3264 amplis
757 3193 792 3244 et
815 3183 1012 3245 honoribus
1037 3190 1176 3244 auctos,

1093 3286 1160 3351 [Sat.
1178 3289 1198 3335 Ι.
1220 3289 1241 3335 6.
1263 3287 1277 3334 8
1298 3285 1367 3351 sqq.]

511 3388 695 3475 (Populus)
719 3394 850 3454 stultus
873 3392 1030 3454 honores

214 3478 332 3560 Saepe
357 3479 417 3541 dat
441 3479 599 3560 indignis
624 3489 658 3540 et
682 3478 798 3541 famae
823 3479 933 3541 servit
958 3479 1110 3560 ineptus,

284 3603 326 3610 —
350 3576 470 3647 stupet
494 3566 529 3626 in
553 3566 667 3628 titulis
692 3577 727 3628 et
751 3566 976 3648 imaginibus
1002 3564 1097 3645 Quid
1123 3575 1264 3647 oportet

213 3653 287 3715 Nos
310 3652 431 3714 facere
455 3673 476 3714 a
498 3653 609 3735 vulgo
632 3654 741 3734 longe
764 3654 945 3735 longeque
969 3655 1148 3716 remotos?

1074 3758 1179 3822 [Sat.1.
1199 3759 1222 3807 6.
1246 3768 1274 3820 15
1296 3756 1366 3821 sqq.]

368 3861 547 3943 Fulgente
572 3861 682 3923 trahit
706 3862 920 3924 constrictos
945 3861 1069 3925 Gloria
1094 3882 1201 3924 curru

213 3949 294 4011 Non
317 3949 433 4012 minus
457 3951 601 4030 ignotos
626 3948 823 4030 generosis.
1084 3968 1150 4032 [Sat.
1170 3970 1191 4017 1.
1212 3969 1235 4017 6.
1257 3979 1296 4028 23.
1317 3966 1368 4032 sq.]

368 4071 437 4152 Qui
462 4070 647 4152 promittit,
672 4072 781 4149 cives,
807 4072 932 4133 urbem
957 4072 1025 4133 sibi
1050 4091 1168 4152 curae,

214 4158 406 4240 imperium
430 4156 506 4220 fore
532 4168 567 4219 et
592 4157 732 4219 Italiam
757 4167 791 4219 et
815 4160 968 4221 delubra
992 4161 1151 4239 deorum,

214 4245 293 4326 Quo
318 4255 421 4326 patre
446 4245 491 4305 sit
516 4253 630 4320 natus,
655 4264 740 4306 num
764 4246 889 4327 ignota
913 4256 1025 4308 matre
1051 4247 1269 4322 inhonestus,

217 4331 351 4395 Omnes
375 4332 544 4394 mortales
570 4350 694 4394 curare
720 4342 755 4393 et
779 4352 953 4412 quaerere
979 4334 1088 4416 cogit.

1078 4436 1371 4504 [fflssiunm

737 4543 795 4604 Nil
820 4544 895 4606 sine
920 4563 1053 4626 magno

216 4627 301 4690 Vita
324 4629 449 4691 labore
474 4629 573 4691 dedit
596 4631 817 4692 mortalibus
1094 4647 1160 4713 [Sat.
1180 4648 1201 4695 Ι.
1222 4664 1245 4712 9·
1266 4659 1298 4710 59
1319 4645 1372 4710 sq.]
