3240 5040
214 292 233 350 8

213 459 280 542 ipsi
312 477 454 542 quoque
490 456 605 521 tristi
634 457 907 520 laederentur
937 455 1121 537 versu.2⁰)
1149 456 1225 520 Nec
1257 456 1416 522 defuisse

212 547 422 625 existimem,
448 545 579 627 quibus
604 543 732 606 Lucilii
756 544 850 608 illius
874 543 1076 623 acrimonia,
1101 544 1162 626 qui

255 676 458 759 primores
482 676 628 758 populi
651 665 832 757 arripuit
858 674 1142 757 populumque
1166 675 1372 755 tributim,

256 764 433 829 Scilicet
456 763 525 824 uni
550 781 708 844 aequus
732 760 883 824 virtuti
907 771 1035 843 atque
1060 762 1148 824 eius
1173 762 1378 843 ami‘cisss),

213 894 329 957 minus
352 893 480 957 terrori
504 901 599 955 esset
624 913 731 974 quam
756 892 934 955 irrisiones
958 890 1108 954 Horatii.
1130 890 1353 974 Quamquam
1376 913 1415 956 se

215 1002 236 1043 a
259 980 478 1063 Damasippo
502 977 626 1043 Stoico
650 980 686 1041 in
709 981 800 1042 male
828 978 924 1041 sanis
953 977 1184 1059 numerari22)
1209 989 1244 1042 et
1268 1000 1288 1042 a
1311 978 1416 1043 Davo

213 1086 319 1131 servo
350 1068 454 1150 gravi
484 1068 676 1130 verborum
712 1066 930 1129 contumelia
963 1065 1037 1147 peti
1049 1063 1091 1148 23)
1123 1085 1251 1148 passus
1288 1076 1342 1130 est
1379 1076 1415 1130 et

211 1156 288 1237 ipse
323 1175 361 1217 se
396 1155 448 1216 uti
483 1174 592 1216 unum
628 1155 673 1216 de
708 1153 839 1232 multis,
875 1153 935 1235 qui
969 1154 1185 1235 desiperent,
1221 1151 1414 1226 subridens

213 1243 360 1325 carpsit,
384 1251 503 1304 tamen
534 1250 673 1303 tantum
707 1238 811 1320 afuit,
835 1250 875 1301 ut
910 1237 1081 1320 efficeret,
1106 1259 1151 1303 ne
1186 1239 1342 1304 lividus
1375 1250 1415 1304 et

211 1330 383 1392 mordax
406 1325 678 1414 videretur24)
702 1327 790 1407 aliis,
815 1336 864 1406 ut,
882 1327 1014 1410 quippe
1039 1327 1100 1409 qui
1123 1328 1291 1392 laedere
1321 1348 1415 1411 gau-

212 1412 386 1499 deret²⁵)
415 1435 490 1478 nec
523 1415 715 1497 cuiquam
746 1434 951 1497 parsurus
984 1422 1097 1477 esset
1129 1415 1275 1493 amice,
1309 1417 1415 1477 dum-

212 1504 331 1565 modo
361 1503 488 1565 risum
520 1511 742 1566 excuteret
774 1499 923 1583 sibi,²⁶)
952 1501 1073 1584 niger
1108 1520 1188 1564 esse
1219 1502 1413 1582 videretur,

212 1609 318 1672 quem
363 1610 485 1652 omnes
533 1586 738 1673 caverem)
785 1589 970 1652 deberent.
1016 1587 1142 1670 Neque
1185 1589 1261 1651 sine
1306 1599 1414 1652 causa

211 1676 413 1739 timebatur.
446 1676 739 1759 Quotusquisque
769 1675 862 1738 enim
889 1675 1070 1738 hominum
1094 1684 1147 1738 est
1171 1676 1221 1738 ita
1245 1686 1412 1756 moratus,

212 1774 251 1825 ut
282 1783 353 1826 non
384 1765 507 1826 timeat
539 1766 584 1826 ab
615 1763 813 1835 heminae
844 1762 975 1841 vitiis,
1001 1782 1286 1845 quaecumque
1326 1782 1412 1845 per-

213 1850 364 1912 niciem
386 1849 541 1929 ferant,
567 1870 610 1913 se
634 1869 775 1926 sanum
799 1869 891 1912 esse
916 1848 1109 1928 dictitante,
1132 1849 1411 1913 mediocribus

212 1957 312 1999 vero
329 1946 370 2000 et
386 1938 537 2019 quibus
562 1937 727 2019 ignosci
749 1937 899 2019 possit,
918 1956 960 1998 se
985 1935 1172 2015 teneri²⁸)
1191 1936 1411 2000 concedente

211 2025 409 2106 eodemque
448 2024 518 2086 iam
556 2025 695 2106 iamque
730 2023 865 2106 ingenii
903 2024 1065 2086 acumine
1104 2024 1149 2086 ad
1188 2024 1408 2086 abutendum

211 2111 458 2193 paratissimo?
829 2141 832 2146 ·
1212 2124 1215 2132 ’

316 2198 488 2261 Attamen
513 2197 675 2279 quamvis
703 2197 874 2260 Horatius
899 2196 1039 2259 acerbis
1062 2197 1212 2277 facetiis,
1237 2198 1410 2279 quidquid
1448 2203 1452 2208 ’

211 2285 491 2365 reprehensione
508 2286 655 2368 dignum
680 2284 987 2366 deprehendisset,
1003 2284 1275 2367 perstringeret,
1292 2293 1411 2347 tamen

212 2372 288 2434 eius
317 2371 460 2434 dicendi
487 2391 604 2454 genus
632 2373 782 2433 multum
810 2371 1029 2433 abhorrebat
1058 2372 1102 2434 ab
1132 2371 1318 2434 iracundia
1341 2372 1409 2449 illa,
1503 2384 1504 2388 ’

212 2478 284 2540 qua
315 2458 461 2522 Persius
494 2460 659 2537 notabat,
684 2468 720 2520 et
751 2460 797 2520 ab
829 2458 937 2520 animi
968 2459 1096 2521 ardore
1127 2457 1188 2520 illo
1220 2459 1410 2536 concitatu,

212 2565 283 2627 quo
307 2545 482 2609 Iuvenalis
514 2546 760 2609 insectabatur
790 2544 937 2627 flagitia.
965 2544 1047 2608 Non
1071 2546 1263 2628 ignorabat
1287 2547 1410 2628 depra-

210 2641 314 2694 vatos
345 2634 527 2697 hominum
554 2653 642 2696 suae
670 2633 798 2695 aetatis
821 2652 938 2695 mores
963 2641 1082 2714 atque,
1107 2652 1178 2714 quo
1202 2641 1281 2695 erat
1304 2633 1410 2694 animi

211 2721 368 2782 candore
393 2730 428 2783 et
452 2740 572 2784 amore
595 2720 741 2802 patriae,
767 2722 811 2782 de
835 2719 877 2781 iis
901 2739 940 2782 se
964 2719 1129 2782 laborare
1154 2739 1224 2782 non
1248 2720 1410 2781 dissimu-

210 2806 323 2879 labat;
356 2811 421 2871 sed
453 2828 533 2870 cum
565 2807 634 2869 sibi
664 2807 917 2888 persuasisset,
942 2826 1013 2869 non
1041 2816 1176 2868 tantam
1199 2807 1411 2888 pravitatem

209 2912 347 2956 morum
371 2903 566 2976 temptasse
589 2895 770 2956 hominum
801 2913 889 2956 suae
920 2894 1047 2957 aetatis
1071 2893 1217 2972 animos,
1243 2901 1409 2975 quantam

209 2978 324 3043 Persii
357 2991 392 3045 et
423 2981 605 3045 Iuvenalis
637 2981 858 3063 temporibus
889 2980 1001 3043 fuisse
1024 2979 1094 3043 fide
1119 2981 1409 3062 dignissimorum

209 3068 367 3130 virorum
385 3070 655 3150 comprobatum
679 3078 743 3147 est,
760 3077 800 3129 ut
817 3067 949 3150 corrigi
965 3087 1072 3149 posse
1093 3087 1170 3130 eam
1191 3068 1409 3149 desperaret,

209 3153 310 3216 aliam
341 3156 515 3218 rationem
546 3155 739 3218 ineundam
770 3174 850 3218 esse
882 3155 1104 3217 existimabat
1135 3163 1243 3236 atque
1275 3155 1325 3216 illi
1360 3155 1407 3215 in-

210 3240 345 3304 iissent.
370 3242 497 3324 Neque
522 3261 613 3321 eum,
630 3243 683 3304 uti
706 3262 816 3324 supra
841 3242 1006 3322 diximus,
1022 3240 1197 3324 fugiebat,
1214 3241 1302 3303 vitia
1323 3260 1410 3303 suae

209 3329 337 3391 aetatis
362 3349 432 3391 non
457 3337 529 3391 tam
553 3349 599 3392 ex
624 3330 730 3391 animi
753 3330 931 3412 pravitate
953 3350 1058 3411 quam
1081 3327 1285 3390 infirmitate
1309 3347 1407 3409 repe-

209 3416 319 3478 tenda
342 3435 432 3478 esse.
457 3416 584 3499 Itaque
608 3425 647 3478 ut
671 3416 836 3478 inanibus
860 3416 1142 3498 importunisque
1159 3415 1315 3497 querelis
1339 3434 1410 3477 non

209 3503 433 3566 obtundebat
458 3523 563 3565 aures
588 3504 729 3582 civium,
746 3503 795 3565 ita
819 3523 935 3585 neque
957 3504 1097 3565 illorum
1121 3504 1278 3565 virorum
1301 3521 1409 3580 more,

210 3590 270 3670 qui
291 3587 429 3672 flagitia
453 3590 625 3653 acerrime
643 3592 911 3673 oppugnabant,
929 3589 1114 3653 iracundia
1137 3588 1409 3665 effervescebat,

209 3694 326 3757 neque
349 3677 483 3760 pariter
507 3687 615 3759 atque
632 3675 744 3740 Stoici
768 3678 803 3739 in
828 3677 1092 3760 contemptione
1113 3676 1268 3740 omnium
1291 3696 1409 3738 rerum

209 3763 441 3827 humanarum
474 3765 625 3828 salutem
657 3764 811 3827 omnium
843 3765 992 3845 positam
1024 3784 1103 3827 esse
1139 3765 1304 3840 docebat,
1333 3763 1409 3840 sed,

210 3858 379 3930 quantam
404 3851 576 3914 infamiam
592 3852 749 3934 politiori
772 3852 994 3931 humanitati,
1011 3851 1046 3913 in
1064 3871 1135 3933 qua
1157 3852 1233 3932 ipse
1257 3849 1410 3912 libenter

208 3937 471 4018 acquiescebat,
495 3939 682 4002 inhoneste
706 3940 862 4001 vivendo
894 3937 1067 4002 inferrent
1092 3945 1296 4020 quantaque
1324 3938 1407 3999 stul-

208 4023 287 4086 titia
302 4025 398 4088 vitae
422 4025 636 4088 iucunditati
658 4036 913 4109 repugnarent,
931 4045 993 4089 eos
1014 4026 1210 4088 admonens
1227 4025 1408 4105 carpebat,

208 4111 360 4193 ridebat,
384 4114 523 4194 pudore
547 4111 736 4176 afficiebat.

314 4198 440 4283 Longe
457 4201 560 4263 aliter
576 4210 683 4283 atque
707 4201 743 4263 in
767 4200 886 4263 satiris
904 4200 980 4282 agit
996 4202 1031 4262 in
1049 4198 1211 4281 epistulis
1227 4195 1407 4259 Horatius.

208 4283 250 4347 In
274 4286 392 4349 satiris
417 4289 531 4370 carpit
559 4297 595 4349 et
624 4287 726 4368 ridet,
751 4288 787 4350 in
816 4287 978 4369 epistulis
1007 4288 1114 4350 docet
1137 4295 1173 4349 et
1198 4290 1406 4354 commovet,

312 4440 350 4510 ¹⁰)
363 4444 417 4493 Sat.
430 4445 467 4495 11.
485 4456 507 4493 1.
521 4456 562 4494 21.
581 4472 606 4480 -
624 4442 660 4507 ²¹)
674 4445 728 4496 Sat,
742 4447 779 4496 ΙΙ.
797 4456 818 4492 1.
830 4444 862 4509 69
873 4459 912 4506 sq,
927 4471 960 4480 -
974 4440 1010 4509 ²²)
1024 4443 1077 4492 Sat.
1091 4445 1119 4491 11
1139 4453 1162 4503 3.
1177 4468 1208 4478 -
1223 4437 1259 4506 ²³)
1270 4441 1324 4491 Sat.
1335 4443 1372 4491 11.
1385 4453 1408 4501 7.

208 4538 240 4549 -
260 4509 296 4580 ²⁴)
309 4508 398 4566 Sat.'I.
418 4529 442 4577 4.
462 4527 503 4581 93.
524 4541 556 4551 -
576 4512 612 4579 ²⁶)
631 4514 686 4563 Sat.
705 4517 727 4563 Ι.
741 4529 765 4578 4.
780 4514 820 4577 78.
842 4540 873 4551 -
893 4511 928 4577 ²⁶)
948 4513 1002 4562 Sat.
1016 4515 1037 4563 1.
1057 4527 1081 4575 4.
1101 4524 1134 4575 34
1148 4527 1186 4576 sq.
1208 4538 1239 4547 -
1261 4506 1297 4576 ²⁷)
1317 4511 1370 4562 Sat.
1383 4512 1403 4560 I.

206 4581 709 4649 sb-bmhwnm
