3240 5040
626 517 734 578 ratio
758 527 798 579 et
822 518 1048 598 prudentia
1073 537 1208 600 curaS,

266 603 357 665 Non
381 605 500 665 locus
526 602 651 665 effusi
676 605 758 666 late
783 605 906 667 maris
931 605 1090 667 arbiter
1114 607 1267 685 aufert,

267 689 448 768 Caelum,
489 710 567 752 non
611 692 787 753 animum
829 700 1004 770 mutant,
1045 694 1114 773 qui
1153 703 1271 756 trans
1314 714 1424 756 mare

1101 781 1353 862 currunt.¹3⁰)

326 915 382 978 Ex
407 916 473 994 his,
491 935 585 996 quae
603 916 688 985 dixi,
706 916 773 978 iam
797 917 885 978 satis
906 927 1029 998 patere
1047 919 1221 998 existimo,
1237 917 1425 982 Horatium

222 1004 290 1083 sibi
322 1003 544 1085 persuasisse
574 1003 677 1080 idem,
703 1005 800 1084 quod
828 1002 1027 1084 Epicureos
1059 1015 1095 1067 et
1126 1001 1281 1083 Stoic05,
1314 1008 1423 1069 vitam

222 1092 362 1152 beatam
397 1088 550 1169 positam
582 1108 661 1151 esse
693 1089 728 1150 in
759 1110 830 1151 una
859 1091 1116 1171 tranquillitate
1153 1093 1273 1170 animi,
1305 1113 1422 1175 neque

220 1178 369 1240 internis
388 1195 505 1256 neque
522 1177 682 1252 externis
699 1178 1032 1257 perturbationibus
1050 1180 1217 1241 obnoxia.
1234 1179 1285 1240 Ut
1302 1181 1421 1244 docet:

263 1298 329 1360 Nil
354 1298 548 1360 admirari
573 1318 702 1379 prope
726 1318 791 1360 res
817 1307 879 1360 est
903 1320 996 1380 una,
1021 1299 1195 1378 Numici,

264 1383 462 1466 Solaque,
481 1404 587 1466 quae
608 1385 743 1466 possit
759 1385 901 1448 facere
925 1397 965 1448 et
990 1406 1161 1449 servare
1179 1389 1421 1471 beatum,1³¹)

222 1506 353 1588 quibus
368 1506 489 1568 verbis
514 1507 665 1568 amicum
689 1524 792 1569 suum
810 1527 939 1570 cavere
962 1508 1072 1586 iubet,
1091 1528 1135 1570 ne
1159 1528 1216 1570 res
1241 1520 1420 1591 externas,

220 1614 316 1675 quae
346 1592 468 1656 fluxae
500 1603 536 1655 et
568 1595 726 1656 caducae
758 1594 838 1672 sint,
862 1605 923 1656 aut
948 1595 1143 1657 admiretur
1167 1604 1230 1657 aut
1254 1606 1419 1678 expetat:

219 1681 269 1743 ita
304 1681 466 1742 homines
502 1700 753 1762 responsare
796 1681 1136 1763 cupidinibus¹³2)
1172 1693 1207 1744 et
1243 1685 1419 1746 animum

219 1788 370 1850 regere
395 1787 569 1849 eumque
592 1767 724 1829 frenis
748 1777 788 1829 et
812 1769 972 1830 catenis
997 1788 1262 1850 compescere
1287 1772 1419 1834 debere

225 1855 393 1933 ostendit,
417 1857 512 1935 quod
537 1854 577 1933 is,
603 1855 682 1916 nisi
706 1864 860 1935 pareat,
886 1855 1070 1937 imperet.
1085 1853 1139 1938 111)

325 1940 397 2004 Sed
416 1961 495 2003 cum
511 1940 683 2004 Horatius
701 1961 772 2019 eos
790 1941 851 2022 qui
871 1943 1129 2024 tranquillitate
1151 1943 1257 2005 animi
1274 1944 1418 2026 vitaque

218 2029 326 2090 beata
347 2028 418 2090 frui
443 2029 598 2108 cupiant,
623 2029 659 2090 id
683 2028 838 2090 maxime
862 2049 971 2112 agere
996 2030 1128 2108 iubeat,
1153 2040 1192 2090 ut
1216 2031 1418 2093 libertatem

218 2125 388 2177 tueantur
421 2113 613 2178 fortissime
653 2115 818 2195 sibique
857 2135 937 2191 res,
973 2136 1052 2177 non
1088 2136 1130 2178 se
1166 2118 1292 2179 rebus
1328 2121 1417 2180 sub-

218 2201 463 2284 tangerem)
504 2202 687 2280 studeant,
723 2202 799 2263 sine
842 2202 951 2264 dubio
997 2203 1209 2264 sententiam
1256 2206 1418 2285 sequitur

218 2288 487 2370 Epicureorum,
504 2289 565 2369 qui
589 2289 766 2364 hominem
787 2308 1002 2370 quemquam
1027 2309 1073 2352 ex
1098 2292 1169 2352 ullo
1192 2291 1334 2353 homine
1358 2301 1417 2354 aut

219 2377 292 2437 ulla
321 2395 359 2437 re
391 2377 550 2456 pendere
581 2377 763 2454 vetabant,
788 2386 1039 2457 repugnatque
1064 2374 1204 2455 StoiciS,
1230 2378 1300 2458 qui,
1326 2398 1416 2460 cum,

218 2481 322 2543 quae
340 2462 380 2523 in
400 2463 525 2524 terris
542 2462 831 2545 gignerentur,
853 2464 903 2524 ad
924 2482 1040 2525 usum
1059 2464 1265 2525 hominum
1282 2466 1417 2528 omnia

219 2549 368 2631 creari,
391 2550 578 2611 homines
609 2558 745 2610 autem
776 2550 982 2611 hominum
1016 2569 1142 2611 causa
1174 2570 1266 2613 esse
1295 2571 1414 2633 gene-

217 2646 345 2713 ratos,
362 2646 405 2696 ut
428 2635 509 2716 ipsi
533 2637 642 2697 inter
658 2655 700 2697 se
724 2635 797 2697 alii
821 2637 915 2697 aliis
939 2638 1140 2716 prodesse
1163 2639 1415 2722 possent,1³⁵)

219 2724 402 2800 docerent,
426 2732 465 2783 ut
496 2742 560 2784 sua
592 2722 744 2803 quisque
774 2723 891 2783 studia
914 2724 1114 2806 neglegens
1138 2724 1210 2806 legi
1234 2726 1415 2789 societatis

155 2808 172 2822 ‘
212 2812 390 2872 humanae
421 2828 460 2871 se
488 2809 691 2871 subiectum
723 2828 802 2871 esse
826 2818 969 2890 putaret
994 2811 1208 2891 poscebant;
1235 2812 1413 2894 idemque,

216 2916 295 2958 cum
329 2897 498 2958 virtutem
530 2897 715 2957 colendam
747 2915 826 2958 esse
863 2897 992 2959 doceat
1026 2917 1096 2959 non
1131 2907 1218 2977 tam,
1243 2901 1339 2978 quod
1371 2920 1414 2962 ea

217 2985 441 3046 contineatur
478 2983 554 3045 vita
592 2984 714 3061 beata,
758 3003 864 3063 quam
899 2985 995 3065 quod
1034 2985 1187 3046 maxima
1230 2987 1414 3049 commoda

217 3071 404 3151 capiantur
432 3072 477 3132 ab
507 3090 549 3132 ea
576 3070 816 3150 virtutemque
845 3079 1015 3151 sequatur
1042 3073 1223 3151 voluptas,
1252 3072 1287 3132 id
1317 3075 1413 3154 quod

215 3155 383 3237 Epicurei
411 3160 635 3220 statuebant:
665 3157 791 3218 mirum
823 3167 998 3237 quantum
1022 3158 1185 3219 dissentit
1217 3177 1238 3218 a
1269 3155 1411 3241 Stoicis,

218 3245 278 3323 qui
302 3244 470 3307 virtutem
499 3264 565 3306 sua
592 3243 702 3324 ipsius
727 3263 835 3305 causa
862 3244 1040 3305 docebant
1070 3246 1309 3324 appetendam
1333 3266 1412 3309 esse

217 3332 484 3411 colendamque,
502 3350 574 3392 non
590 3340 737 3412 propter
752 3330 901 3408 fructus,
919 3331 980 3410 qui
1004 3349 1050 3392 ex
1073 3350 1116 3392 ea
1132 3332 1411 3412 perciperentur.

317 3414 417 3496 Quae
459 3438 674 3499 quamquam
709 3437 748 3479 se
789 3417 837 3479 ita
879 3418 1027 3495 habent,
1062 3426 1180 3479 tamen
1219 3418 1411 3483 Horatium

216 3523 321 3565 unam
346 3504 456 3566 solam
479 3504 737 3584 Epicureorum
755 3504 976 3584 disciplinam
993 3507 1166 3584 probasse
1189 3506 1286 3567 haud
1306 3506 1411 3569 facile

212 3591 401 3671 quisquam
418 3593 628 3664 contendat;
653 3592 751 3653 nullo
776 3591 868 3652 enim
892 3592 970 3653 loco
991 3592 1212 3672 voluptatem
1237 3613 1410 3656 summum

212 3678 346 3739 bonum
364 3697 442 3740 esse
459 3680 614 3740 docebat
636 3697 753 3758 neque
770 3697 925 3758 unquam
943 3679 1150 3757 desistebat,
1165 3698 1411 3761 quoscumque

212 3764 408 3826 immodicis
432 3765 680 3845 voluptatibus
711 3784 750 3826 se
782 3764 916 3826 dedere
940 3764 1099 3843 vidisset,
1123 3766 1346 3846 impugnare,
1371 3778 1410 3829 ut

215 3869 323 3931 supra
354 3852 691 3929 demonstravimus,
724 3870 838 3931 neque
871 3852 968 3913 haud
1003 3871 1152 3932 paucae·
1180 3853 1410 3916 inveniuntur

213 3937 422 4016 sententiae,
447 3939 576 4020 quibus
605 3957 837 4020 permagnam
866 3957 946 3999 cum
975 3936 1176 4001 Stoicorum
1207 3943 1409 4023 praeceptis

210 4043 290 4086 esse
322 4024 588 4088 similitudinem
620 4027 850 4106 exploratum
881 4035 944 4087 est.
982 4025 1109 4105 Neque
1144 4033 1277 4104 tamen,
1311 4031 1407 4108 quod

210 4111 286 4174 eius
311 4111 407 4172 modi
431 4113 629 4174 sententiae
654 4114 690 4174 in
707 4112 923 4174 carminibus
947 4112 1194 4192 epistulisque,
1212 4133 1303 4192 quae
1328 4135 1408 4177 eum

211 4198 397 4279 scripsisse
414 4207 556 4260 constat
579 4210 697 4261 aetate
722 4209 941 4279 provectum,
960 4199 1158 4260 crebriores
1182 4201 1409 4278 reperiuntur

210 4305 316 4366 quam
340 4286 376 4347 in
400 4285 528 4365 satiris,
546 4287 716 4364 adducor,
733 4294 773 4346 ut
798 4287 1024 4366 comprobem
1047 4284 1259 4347 sententiam
1276 4307 1407 4368 eorum,

208 4373 271 4452 qui
295 4390 376 4434 eum
400 4382 518 4435 aetate
542 4373 797 4454 progrediente
814 4373 908 4433 vitae
932 4372 1103 4434 institutis
1127 4373 1270 4435 mutatis
1291 4375 1407 4457 magis

242 4496 344 4502 .......
346 4496 414 4505 -η

312 4541 355 4605 ¹⁸⁰)
374 4547 426 4609 Ep.
443 4548 465 4594 1.
487 4557 526 4595 11.
546 4557 577 4609 25
599 4561 656 4608 sqq.
677 4571 708 4582 -
736 4542 784 4609 111)
804 4547 854 4609 Ep.
875 4548 896 4595 Ι.
917 4545 940 4593 6.
963 4557 974 4594 1
996 4561 1035 4609 sq·
1057 4573 1090 4582 -
1119 4543 1167 4609 111)
1188 4546 1243 4594 Sat.
1262 4549 1299 4597 II.
1319 4559 1343 4611 7.
1364 4548 1405 4612 85.

207 4641 238 4651 —-
261 4611 308 4680 ¹⁸²³)
328 4616 378 4678 Ep.
403 4617 425 4664 I.
451 4627 474 4663 2.
499 4615 531 4664 62
556 4631 594 4679 sq.
623 4642 654 4652 -
682 4612 729 4680 ¹³⁴)
749 4617 800 4678 Ep.
820 4617 841 4665 I.
865 4626 886 4663 1.
908 4626 946 4678 19.
968 4643 1000 4652 -
1022 4613 1065 4678 111)
1087 4615 1141 4664 Cic.
1162 4616 1195 4663 de
1214 4617 1258 4667 off.
1279 4620 1299 4667 l.
1319 4630 1343 4681 7.
1365 4630 1405 4670 22.
