3240 5040
207 344 226 402 6

207 517 266 578 vel
290 515 531 577 comoediae
556 515 724 595 priscae
748 513 931 575 virorum
956 512 1122 593 exempla
1145 511 1257 592 sequi,
1282 510 1352 593 qui,

251 655 285 715 si
317 653 408 735 quis
437 663 526 715 erat
555 654 708 736 dignus
737 651 938 752 describi,
964 651 1073 733 quod
1101 652 1231 712 malus
1255 670 1302 712 ac
1330 649 1412 730 fur,

251 740 360 823 quod
384 741 580 802 moechus
604 740 715 802 foret
739 748 810 802 aut
834 738 1015 800 sicarius
1039 746 1109 800 aut
1133 737 1292 819 alioqui

249 827 450 907 famosus,
474 829 604 889 multa
628 846 717 889 cum
739 827 943 888 libertate
968 826 1180 887 notabant
1190 822 1217 908 8)

312 966 386 1031 Sed
411 987 491 1030 cum
515 968 742 1048 exploratum
769 967 920 1028 haberet
952 965 1026 1046 ille,
1050 965 1127 1029 iore
1150 976 1203 1048 ut,
1228 966 1289 1048 qui
1312 966 1413 1028 vitiis

208 1056 440 1118 contaminati
472 1064 608 1133 essent,
633 1052 836 1134 opprobriis
868 1063 903 1113 et
938 1055 1138 1116 maledictis
1170 1055 1199 1116 si
1231 1054 1411 1135 exagitati

208 1151 339 1218 essent,
365 1162 436 1204 non
461 1141 747 1219 emendarentur,
765 1140 830 1201 sed
854 1142 1177 1203 exacerbarentur:
1202 1160 1279 1202 eam
1302 1142 1408 1203 ratio-

207 1249 288 1291 nem
308 1230 433 1291 statuit
449 1248 529 1290 esse
549 1228 750 1306 ineundam,
767 1246 846 1308 qua,
863 1247 968 1308 quarn
986 1229 1094 1290 stulte
1114 1226 1286 1307 facerent,
1312 1228 1412 1290 docti

208 1317 253 1379 ad
284 1317 474 1378 sanitatem
506 1314 673 1377 redirent.
709 1313 835 1395 Neque
867 1315 987 1394 inepte
1019 1333 1098 1376 eum
1126 1314 1256 1377 fecisse
1289 1313 1409 1375 existi-

207 1404 375 1465 mandum
399 1413 463 1464 est.
492 1402 709 1463 Persuasum
741 1400 835 1461 enim
858 1400 891 1462 ei
919 1411 1006 1480 erat,
1033 1401 1129 1480 vitia,
1155 1401 1285 1501 quibus
1310 1402 1412 1462 cives

208 1492 430 1569 laborarent,
466 1507 538 1551 non
573 1508 620 1550 ex
653 1487 829 1569 pravitate
865 1496 943 1549 orta
981 1507 1060 1550 esse
1099 1488 1413 1570 perversitateque

208 1577 330 1656 animi,
354 1577 418 1638 sed
451 1575 571 1660 potius
600 1595 647 1636 ex
675 1593 796 1636 errore
826 1575 980 1655 quodam
1010 1584 1044 1637 et
1073 1576 1248 1637 caecitate
1280 1574 1413 1637 mentis

208 1683 288 1726 esse
312 1664 518 1744 repetenda.
536 1659 777 1742 Quamobrem
801 1661 851 1721 ita
872 1660 956 1744 egit,
974 1671 1013 1723 ut
1037 1662 1244 1724 ridentem
1268 1648 1427 1724 dicere

208 1770 352 1812 uerum
365 1749 584 1831 ⁹)praestare
601 1747 794 1809 arbitratus
810 1747 898 1809 vitia
914 1758 950 1809 et
973 1747 1110 1831 flagitia
1132 1749 1252 1848 pqtius
1276 1748 1414 1810 aculeis

209 1845 398 1919 pungeret,
416 1856 522 1918 quam
542 1836 578 1897 in
593 1835 765 1913 homineS,
782 1834 845 1915 qui
868 1835 909 1896 iis
932 1836 1218 1915 laborarent,'1ra
1241 1835 1416 1897 incensus

209 1924 451 1986 inveheretur.
476 1920 700 2004 Quamquam
727 1920 996 2003 Hermogenem
1026 1923 1228 2005 Tigellium,
1259 1920 1412 2003 Cupien-

207 2012 314 2090 nium,
345 2009 563 2089 Sallustium,
590 2009 834 2088 Nasidienum,
863 2010 951 2072 alios
981 2011 1056 2071 sive
1087 2011 1183 2072 veris
1212 2010 1289 2071 sive
1317 2007 1414 2072 fictis

208 2097 412 2160 nominibus
444 2105 608 2177 arreptos
640 2096 756 2177 carpit
788 2096 984 2178 eluditque,
1009 2106 1128 2159 tamen
1159 2117 1243 2158 mox
1279 2097 1415 2162 transit

208 2185 255 2247 ad
271 2184 359 2246 vitia
383 2183 659 2264 contemplanda
681 2184 716 2244 in
740 2182 854 2264 iisque
879 2203 959 2245 cum
982 2182 1120 2246 facetiis
1144 2185 1224 2265 plus
1248 2184 1415 2245 minusve

209 2271 353 2334 acribus
386 2269 606 2352 castigandis
634 2279 732 2332 totus
756 2281 819 2331 est.
845 2269 997 2332 Animus
1021 2291 1086 2333 sua
1113 2280 1209 2333 sorte
1233 2290 1304 2332 non
1330 2290 1412 2332 con·

209 2368 346 2437 tentus,
370 2357 538 2419 libidines
569 2356 728 2436 insanae,
752 2357 968 2437 protervitas
993 2358 1029 2419 in
1052 2358 1253 2436 iudicando,
1278 2357 1417 2419 invidia

209 2445 437 2526 ambitioque,
462 2443 680 2524 superstiti0,
697 2444 892 2523 iracundia,
910 2444 1168 2525 importunitas
1187 2444 1413 2524 obtrectatio,

208 2531 396 2613 cuppedia,
413 2539 608 2612 praecepta
623 2531 916 2613 philosophorum
938 2551 1080 2610 vesana,
1096 2540 1312 2594 testamenta
1332 2551 1413 2612 cap·

208 2620 308 2681 tandi
331 2637 407 2680 mos
432 2617 671 2700 turpissimuS,
688 2618 830 2680 virtutis
847 2619 1003 2680 studium
1020 2618 1148 2681 falsum
1165 2619 1414 2699 putidumque,

208 2706 278 2767 alia
308 2705 411 2785 vitia,
444 2705 575 2787 quibus
610 2705 795 2767 Romanos
826 2707 885 2767 illo
920 2718 1082 2787 ternpore
1118 2705 1259 2768 deditos
1299 2704 1413 2771 fuisse

208 2794 300 2854 inter
330 2811 453 2855 omnes
486 2800 636 2871 constat,
660 2793 905 2854 acerbioribus
933 2791 1072 2855 facetiis
1105 2793 1412 2928 perstringuntur

207 2878 312 2959 Quod
337 2879 509 2960 scriptum
532 2878 702 2961 legimus:
1440 2871 1449 2886 “

253 3017 326 3078 Est
350 3017 527 3079 modus
519 3037 559 3078 rn
582 3019 724 3096 rebuS,
750 3027 844 3079 sunt
869 3019 976 3080 certi
1001 3018 1181 3100 denique
1206 3018 1329 3098 fines,

252 3102 366 3183 Quos
390 3105 501 3166 ultra
525 3105 716 3185 citraque
744 3106 890 3186 nequit
919 3106 1155 3167 consistere
1184 3103 1412 3189 rectum,¹⁰)

208 3234 244 3296 id
267 3234 409 3316 planius
433 3234 601 3314 explicat,
627 3255 707 3297 cum
731 3235 873 3297 scribit:

250 3365 397 3427 Virtus
430 3374 493 3427 est
528 3365 704 3428 medium
728 3365 928 3427 vitiorum
960 3375 1000 3428 et
1032 3366 1238 3448 utrimque
1267 3368 1412 3429 reduc·

1156 3453 1304 3534 tum‚¹¹)

208 3582 328 3654 atque,
365 3572 539 3654 quidquid
577 3574 659 3635 huic
694 3573 817 3635 virtuti
856 3594 1059 3657 repugnare
1094 3575 1196 3654 vidit,
1237 3584 1335 3636 notat
1375 3583 1413 3637 et

208 3659 406 3721 cavillatur.
442 3658 556 3741 quue
592 3680 635 3723 eo
671 3661 819 3723 consilio
851 3661 952 3740 facit,
985 3672 1024 3722 ut
1062 3663 1222 3724 homines
1259 3671 1412 3724 caveant

208 3746 304 3825 vitia,
329 3747 459 3828 quibus
484 3745 672 3827 efficiatur,

426 3895 471 3947 ut
494 3905 603 3967 raro,
628 3887 701 3967 qui
725 3907 767 3949 se
792 3887 952 3949 vixisse
976 3889 1142 3950 beatum

252 3971 377 4034 Dicat
401 3980 441 4034 et
465 3982 618 4036 exacto
643 3983 869 4036 contentus
893 3984 1079 4056 tempore
1103 3976 1192 4037 vita

252 4057 384 4121 Cedat
408 4060 469 4121 uti
493 4061 672 4122 conviva
695 4060 875 4141 satur,¹²)

208 4218 360 4280 eamque
391 4207 538 4260 teneant
570 4197 863 4280 mediocritatem,
888 4220 979 4283 quae
1011 4202 1056 4262 sit
1084 4200 1177 4263 inter
1200 4202 1345 4264 nimium
1375 4213 1413 4265 et

208 4305 344 4366 parum.
369 4284 468 4347 Vitia
500 4285 621 4367 igitur,
646 4289 779 4369 quippe
805 4308 906 4369 quae,
932 4289 1121 4369 quominus
1149 4289 1310 4352 homines
1341 4289 1411 4352 for-

206 4382 330 4434 tunate
346 4374 526 4454 beateque
542 4373 675 4454 vivant,
693 4376 896 4455 impediant,
918 4375 1041 4437 irridet
1062 4375 1176 4457 iisque
1193 4378 1412 4458 laborantes,

313 4546 336 4609 ⁸)
350 4546 405 4595 Sat.
417 4548 440 4594 Ι.
453 4561 477 4610 4.
492 4558 506 4608 3
521 4561 578 4610 sqq.
593 4574 624 4583 -
639 4542 662 4612 ⁹)
676 4548 729 4596 Sat.
743 4548 764 4598 Ι.
779 4560 800 4596 1.
814 4559 855 4612 24.
869 4574 901 4585 —
918 4545 953 4614 ¹⁰)
968 4548 1020 4600 Sat.
1034 4551 1056 4598 1.
1074 4561 1094 4600 1.
1109 4551 1157 4599 106
1169 4566 1207 4614 sq.
1224 4578 1255 4588 -
1272 4548 1307 4617 ¹¹)
1321 4553 1371 4615 Ep.
1386 4553 1411 4600 1.

211 4617 249 4666 18.
272 4634 296 4682 9.
317 4643 349 4652 —
371 4612 405 4682 ¹²)
426 4615 478 4668 Sat.
497 4618 520 4666 Ι.
543 4628 563 4666 1.
580 4627 628 4680 117
642 4633 699 4680 sqq.
