<?xml version="1.0" encoding="UTF-8"?>
<!DOCTYPE html PUBLIC "-//W3C//DTD XHTML 1.0 Transitional//EN"
    "http://www.w3.org/TR/xhtml1/DTD/xhtml1-transitional.dtd">
<html xmlns="http://www.w3.org/1999/xhtml" xml:lang="en" lang="en">
 <head>
  <title>
</title>
<meta http-equiv="Content-Type" content="text/html;charset=utf-8" />
  <meta name='ocr-system' content='tesseract 3.04.00' />
  <meta name='ocr-capabilities' content='ocr_page ocr_carea ocr_par ocr_line ocrx_word'/>
</head>
<body>
  <div class='ocr_page' id='page_1' title='image "./utruminsatirisa00mascgoog_0035.png"; bbox 0 0 3240 5040; ppageno 0'>
   <div class='ocr_carea' id='block_1_1' title="bbox 337 512 1373 768">
    <p class='ocr_par' dir='ltr' id='par_1_1' title="bbox 337 512 1373 768">
     <span class='ocr_line' id='line_1_1' title="bbox 339 512 1350 593; baseline -0.001 -18"><span class='ocrx_word' id='word_1_1' title='bbox 339 512 477 592; x_wconf 87' lang='lat' dir='ltr'>Nonne,</span> <span class='ocrx_word' id='word_1_2' title='bbox 502 512 731 593; x_wconf 88' lang='lat' dir='ltr'>cupidinibus</span> <span class='ocrx_word' id='word_1_3' title='bbox 755 521 889 573; x_wconf 88' lang='lat' dir='ltr'>statuat</span> <span class='ocrx_word' id='word_1_4' title='bbox 913 520 1041 574; x_wconf 88' lang='lat' dir='ltr'>natura</span> <span class='ocrx_word' id='word_1_5' title='bbox 1064 513 1208 573; x_wconf 92' lang='lat' dir='ltr'>modum</span> <span class='ocrx_word' id='word_1_6' title='bbox 1233 531 1350 592; x_wconf 85' lang='lat' dir='ltr'>quem,</span> 
     </span>
     <span class='ocr_line' id='line_1_2' title="bbox 337 597 1250 680; baseline -0.002 -19"><span class='ocrx_word' id='word_1_7' title='bbox 337 597 431 680; x_wconf 81' lang='lat' dir='ltr'>Quid</span> <span class='ocrx_word' id='word_1_8' title='bbox 455 600 571 661; x_wconf 89' lang='lat' dir='ltr'>latura</span> <span class='ocrx_word' id='word_1_9' title='bbox 596 599 674 678; x_wconf 83' lang='lat' dir='ltr'>sibi,</span> <span class='ocrx_word' id='word_1_10' title='bbox 699 599 783 680; x_wconf 93' lang='lat' dir='ltr'>quid</span> <span class='ocrx_word' id='word_1_11' title='bbox 808 599 855 660; x_wconf 91' lang='lat' dir='ltr'>sit</span> <span class='ocrx_word' id='word_1_12' title='bbox 879 597 1043 677; x_wconf 84' lang='lat' dir='ltr'>dolitura,</span> <span class='ocrx_word' id='word_1_13' title='bbox 1067 608 1250 680; x_wconf 79' lang='lat' dir='ltr'>negatum,</span> 
     </span>
     <span class='ocr_line' id='line_1_3' title="bbox 338 684 1373 768; baseline -0.003 -19"><span class='ocrx_word' id='word_1_14' title='bbox 338 684 521 767; x_wconf 81' lang='lat' dir='ltr'>Quaerere</span> <span class='ocrx_word' id='word_1_15' title='bbox 544 687 625 768; x_wconf 93' lang='lat' dir='ltr'>plus</span> <span class='ocrx_word' id='word_1_16' title='bbox 649 687 797 767; x_wconf 90' lang='lat' dir='ltr'>prodest</span> <span class='ocrx_word' id='word_1_17' title='bbox 822 695 857 748; x_wconf 89' lang='lat' dir='ltr'>et</span> <span class='ocrx_word' id='word_1_18' title='bbox 881 685 984 748; x_wconf 91' lang='lat' dir='ltr'>inane</span> <span class='ocrx_word' id='word_1_19' title='bbox 1009 685 1222 748; x_wconf 85' lang='lat' dir='ltr'>abscindere</span> <span class='ocrx_word' id='word_1_20' title='bbox 1247 685 1373 747; x_wconf 83' lang='lat' dir='ltr'>soldo?</span> 
     </span>
    </p>
   </div>
   <div class='ocr_carea' id='block_1_2' title="bbox 1181 787 1494 854">
    <p class='ocr_par' dir='ltr' id='par_1_2' title="bbox 1181 787 1494 854">
     <span class='ocr_line' id='line_1_4' title="bbox 1181 787 1494 854; baseline -0.003 -16"><span class='ocrx_word' id='word_1_21' title='bbox 1181 790 1247 854; x_wconf 85' lang='lat' dir='ltr'>[Sat.</span> <span class='ocrx_word' id='word_1_22' title='bbox 1266 791 1288 840; x_wconf 88' lang='grc' dir='ltr'>Ι.</span> <span class='ocrx_word' id='word_1_23' title='bbox 1309 802 1332 841; x_wconf 86' lang='lat'>2.</span> <span class='ocrx_word' id='word_1_24' title='bbox 1356 801 1400 838; x_wconf 90' lang='lat'>111</span> <span class='ocrx_word' id='word_1_25' title='bbox 1423 787 1494 854; x_wconf 86' lang='lat' dir='ltr'>sqq.]</span> 
     </span>
    </p>
   </div>
   <div class='ocr_carea' id='block_1_3' title="bbox 337 910 1491 1174">
    <p class='ocr_par' dir='ltr' id='par_1_3' title="bbox 337 910 1491 1174">
     <span class='ocr_line' id='line_1_5' title="bbox 339 910 1352 990; baseline -0.003 -15"><span class='ocrx_word' id='word_1_26' title='bbox 339 912 515 976; x_wconf 83' lang='lat' dir='ltr'>Omnibus</span> <span class='ocrx_word' id='word_1_27' title='bbox 536 911 607 974; x_wconf 70' lang='lat' dir='ltr'>&#39;hoc</span> <span class='ocrx_word' id='word_1_28' title='bbox 631 912 756 974; x_wconf 91' lang='lat' dir='ltr'>vitium</span> <span class='ocrx_word' id='word_1_29' title='bbox 781 920 835 973; x_wconf 87' lang='lat' dir='ltr'>est</span> <span class='ocrx_word' id='word_1_30' title='bbox 860 911 1079 990; x_wconf 77' lang='lat' dir='ltr'>cantoribus,</span> <span class='ocrx_word' id='word_1_31' title='bbox 1103 911 1195 973; x_wconf 91' lang='lat' dir='ltr'>inter</span> <span class='ocrx_word' id='word_1_32' title='bbox 1219 910 1352 972; x_wconf 91' lang='lat' dir='ltr'>amieos</span> 
     </span>
     <span class='ocr_line' id='line_1_6' title="bbox 337 997 1292 1081; baseline -0.001 -21"><span class='ocrx_word' id='word_1_33' title='bbox 337 999 388 1063; x_wconf 93' lang='lat' dir='ltr'>Ut</span> <span class='ocrx_word' id='word_1_34' title='bbox 411 1019 593 1081; x_wconf 90' lang='lat' dir='ltr'>nunquam</span> <span class='ocrx_word' id='word_1_35' title='bbox 617 999 789 1061; x_wconf 88' lang='lat' dir='ltr'>inducant</span> <span class='ocrx_word' id='word_1_36' title='bbox 813 999 969 1061; x_wconf 91' lang='lat' dir='ltr'>animum</span> <span class='ocrx_word' id='word_1_37' title='bbox 994 1010 1139 1060; x_wconf 89' lang='lat' dir='ltr'>cantare</span> <span class='ocrx_word' id='word_1_38' title='bbox 1164 997 1292 1081; x_wconf 81' lang='lat' dir='ltr'>rogati,</span> 
     </span>
     <span class='ocr_line' id='line_1_7' title="bbox 338 1085 1491 1174; baseline 0.002 -26"><span class='ocrx_word' id='word_1_39' title='bbox 338 1086 468 1174; x_wconf 82' lang='lat' dir='ltr'>Iniussi</span> <span class='ocrx_word' id='word_1_40' title='bbox 492 1106 672 1167; x_wconf 91' lang='lat' dir='ltr'>nunquam</span> <span class='ocrx_word' id='word_1_41' title='bbox 697 1085 881 1147; x_wconf 90' lang='lat' dir='ltr'>desistant.</span> <span class='ocrx_word' id='word_1_42' title='bbox 1219 1101 1284 1166; x_wconf 80' lang='lat' dir='ltr'>[Sat.</span> <span class='ocrx_word' id='word_1_43' title='bbox 1303 1104 1325 1151; x_wconf 92' lang='lat'>1.</span> <span class='ocrx_word' id='word_1_44' title='bbox 1346 1113 1370 1164; x_wconf 85' lang='lat'>3·</span> <span class='ocrx_word' id='word_1_45' title='bbox 1392 1113 1402 1149; x_wconf 95' lang='lat'>1</span> <span class='ocrx_word' id='word_1_46' title='bbox 1425 1098 1491 1166; x_wconf 88' lang='lat' dir='ltr'>sqq.]</span> 
     </span>
    </p>
   </div>
   <div class='ocr_carea' id='block_1_4' title="bbox 337 1242 1410 1673">
    <p class='ocr_par' dir='ltr' id='par_1_4' title="bbox 337 1242 1410 1673">
     <span class='ocr_line' id='line_1_8' title="bbox 599 1242 1070 1326; baseline 0 -22"><span class='ocrx_word' id='word_1_47' title='bbox 599 1242 752 1326; x_wconf 85' lang='lat' dir='ltr'>Egomet</span> <span class='ocrx_word' id='word_1_48' title='bbox 775 1242 822 1306; x_wconf 91' lang='lat' dir='ltr'>mi</span> <span class='ocrx_word' id='word_1_49' title='bbox 846 1244 1006 1325; x_wconf 83' lang='lat' dir='ltr'>ignosco.</span> <span class='ocrx_word' id='word_1_50' title='bbox 1033 1277 1070 1288; x_wconf 89' lang='lat'><em>-</em></span> 
     </span>
     <span class='ocr_line' id='line_1_9' title="bbox 338 1328 1410 1412; baseline -0.002 -20"><span class='ocrx_word' id='word_1_51' title='bbox 338 1328 479 1393; x_wconf 89' lang='lat' dir='ltr'>Stultus</span> <span class='ocrx_word' id='word_1_52' title='bbox 504 1340 540 1392; x_wconf 91' lang='lat' dir='ltr'>et</span> <span class='ocrx_word' id='word_1_53' title='bbox 563 1331 747 1412; x_wconf 91' lang='lat' dir='ltr'>improbus</span> <span class='ocrx_word' id='word_1_54' title='bbox 770 1330 829 1393; x_wconf 88' lang='lat' dir='ltr'>hic</span> <span class='ocrx_word' id='word_1_55' title='bbox 854 1350 953 1392; x_wconf 92' lang='lat' dir='ltr'>amor</span> <span class='ocrx_word' id='word_1_56' title='bbox 976 1340 1031 1392; x_wconf 90' lang='lat' dir='ltr'>est</span> <span class='ocrx_word' id='word_1_57' title='bbox 1055 1329 1261 1412; x_wconf 90' lang='lat' dir='ltr'>dignusque</span> <span class='ocrx_word' id='word_1_58' title='bbox 1285 1329 1410 1391; x_wconf 91' lang='lat' dir='ltr'>notari.</span> 
     </span>
     <span class='ocr_line' id='line_1_10' title="bbox 339 1416 1317 1499; baseline -0.002 -19"><span class='ocrx_word' id='word_1_59' title='bbox 339 1416 513 1487; x_wconf 84' lang='lat' dir='ltr'>Cumtua</span> <span class='ocrx_word' id='word_1_60' title='bbox 537 1417 727 1499; x_wconf 83' lang='lat' dir='ltr'>pervideas</span> <span class='ocrx_word' id='word_1_61' title='bbox 752 1417 865 1479; x_wconf 91' lang='lat' dir='ltr'>oculis</span> <span class='ocrx_word' id='word_1_62' title='bbox 890 1417 984 1478; x_wconf 89' lang='lat' dir='ltr'>mala</span> <span class='ocrx_word' id='word_1_63' title='bbox 1006 1416 1127 1498; x_wconf 91' lang='lat' dir='ltr'>lippus</span> <span class='ocrx_word' id='word_1_64' title='bbox 1151 1416 1317 1497; x_wconf 73' lang='lat' dir='ltr'>inunctis,</span> 
     </span>
     <span class='ocr_line' id='line_1_11' title="bbox 338 1503 1309 1568; baseline -0.002 -2"><span class='ocrx_word' id='word_1_65' title='bbox 338 1503 410 1567; x_wconf 88' lang='lat' dir='ltr'>Cur</span> <span class='ocrx_word' id='word_1_66' title='bbox 434 1505 470 1566; x_wconf 92' lang='lat' dir='ltr'>in</span> <span class='ocrx_word' id='word_1_67' title='bbox 494 1506 688 1568; x_wconf 87' lang='lat' dir='ltr'>amicorum</span> <span class='ocrx_word' id='word_1_68' title='bbox 712 1504 807 1566; x_wconf 89' lang='lat' dir='ltr'>vitiis</span> <span class='ocrx_word' id='word_1_69' title='bbox 832 1516 903 1566; x_wconf 91' lang='lat' dir='ltr'>tam</span> <span class='ocrx_word' id='word_1_70' title='bbox 928 1503 1044 1566; x_wconf 90' lang='lat' dir='ltr'>cernis</span> <span class='ocrx_word' id='word_1_71' title='bbox 1068 1513 1214 1565; x_wconf 89' lang='lat' dir='ltr'>acutum</span> <span class='ocrx_word' id='word_1_72' title='bbox 1306 1506 1309 1513; x_wconf 87' lang='lat'>&#39;</span> 
     </span>
     <span class='ocr_line' id='line_1_12' title="bbox 337 1590 1198 1673; baseline -0.002 -20"><span class='ocrx_word' id='word_1_73' title='bbox 337 1590 451 1671; x_wconf 81' lang='lat' dir='ltr'>Quam</span> <span class='ocrx_word' id='word_1_74' title='bbox 475 1596 536 1654; x_wconf 89' lang='lat' dir='ltr'>aut</span> <span class='ocrx_word' id='word_1_75' title='bbox 560 1592 678 1672; x_wconf 91' lang='lat' dir='ltr'>aquila</span> <span class='ocrx_word' id='word_1_76' title='bbox 702 1601 762 1653; x_wconf 86' lang='lat' dir='ltr'>aut</span> <span class='ocrx_word' id='word_1_77' title='bbox 787 1610 936 1673; x_wconf 88' lang='lat' dir='ltr'>serpens</span> <span class='ocrx_word' id='word_1_78' title='bbox 959 1590 1198 1672; x_wconf 82' lang='lat' dir='ltr'>Epidaurius?</span> 
     </span>
    </p>
   </div>
   <div class='ocr_carea' id='block_1_5' title="bbox 1185 1692 1475 1759">
    <p class='ocr_par' dir='ltr' id='par_1_5' title="bbox 1185 1692 1475 1759">
     <span class='ocr_line' id='line_1_13' title="bbox 1185 1692 1475 1759; baseline -0.003 0"><span class='ocrx_word' id='word_1_79' title='bbox 1185 1692 1475 1759; x_wconf 39' lang='lat' dir='ltr'>[bassum</span> 
     </span>
    </p>
   </div>
   <div class='ocr_carea' id='block_1_6' title="bbox 295 1817 1494 2162">
    <p class='ocr_par' dir='ltr' id='par_1_6' title="bbox 1006 1817 1197 1878">
     <span class='ocr_line' id='line_1_14' title="bbox 1006 1817 1197 1878; baseline -0.005 0"><span class='ocrx_word' id='word_1_80' title='bbox 1006 1817 1093 1878; x_wconf 90' lang='lat' dir='ltr'>Tei</span> <span class='ocrx_word' id='word_1_81' title='bbox 1120 1835 1197 1877; x_wconf 88' lang='lat' dir='ltr'>sum</span> 
     </span>
    </p>

    <p class='ocr_par' dir='ltr' id='par_1_7' title="bbox 295 1837 1298 1985">
     <span class='ocr_line' id='line_1_15' title="bbox 295 1837 1298 1985; baseline -0.001 -18"><span class='ocrx_word' id='word_1_82' title='bbox 295 1904 298 1909; x_wconf 74' lang='grc'><em>’</em></span> <span class='ocrx_word' id='word_1_83' title='bbox 342 1903 514 1985; x_wconf 75' lang='lat' dir='ltr'>Concute‚</span> <span class='ocrx_word' id='word_1_84' title='bbox 539 1925 622 1966; x_wconf 92' lang='lat' dir='ltr'>num</span> <span class='ocrx_word' id='word_1_85' title='bbox 646 1925 717 1985; x_wconf 93' lang='lat' dir='ltr'>qua</span> <span class='ocrx_word' id='word_1_86' title='bbox 741 1904 806 1966; x_wconf 89' lang='lat' dir='ltr'>tibi</span> <span class='ocrx_word' id='word_1_87' title='bbox 830 1903 996 1965; x_wconf 88' lang='lat' dir='ltr'>vitiorum</span> <span class='ocrx_word' id='word_1_88' title='bbox 1021 1837 1192 1965; x_wconf 56' lang='lat' dir='ltr'>inseierit</span> <span class='ocrx_word' id='word_1_89' title='bbox 1216 1903 1298 1966; x_wconf 92' lang='lat' dir='ltr'>olim</span> 
     </span>
    </p>

    <p class='ocr_par' dir='ltr' id='par_1_8' title="bbox 338 1991 1262 2071">
     <span class='ocr_line' id='line_1_16' title="bbox 338 1991 1262 2071; baseline -0.002 -17"><span class='ocrx_word' id='word_1_90' title='bbox 338 1992 485 2071; x_wconf 78' lang='lat' dir='ltr'>Natura,</span> <span class='ocrx_word' id='word_1_91' title='bbox 511 2004 571 2054; x_wconf 85' lang='lat' dir='ltr'>aut</span> <span class='ocrx_word' id='word_1_92' title='bbox 596 1991 701 2053; x_wconf 87' lang='lat' dir='ltr'>etiam</span> <span class='ocrx_word' id='word_1_93' title='bbox 726 1992 949 2053; x_wconf 90' lang='lat' dir='ltr'>consuetudo</span> <span class='ocrx_word' id='word_1_94' title='bbox 974 1991 1084 2058; x_wconf 85' lang='lat' dir='ltr'>mala:</span> <span class='ocrx_word' id='word_1_95' title='bbox 1110 2010 1262 2070; x_wconf 89' lang='lat' dir='ltr'>namque</span> 
     </span>
    </p>

    <p class='ocr_par' dir='ltr' id='par_1_9' title="bbox 336 2077 1494 2162">
     <span class='ocr_line' id='line_1_17' title="bbox 336 2077 1494 2162; baseline 0.002 -22"><span class='ocrx_word' id='word_1_96' title='bbox 336 2079 522 2162; x_wconf 87' lang='lat' dir='ltr'>Neglectis</span> <span class='ocrx_word' id='word_1_97' title='bbox 547 2079 684 2141; x_wconf 91' lang='lat' dir='ltr'>urenda</span> <span class='ocrx_word' id='word_1_98' title='bbox 707 2077 783 2140; x_wconf 84' lang='lat' dir='ltr'>filix</span> <span class='ocrx_word' id='word_1_99' title='bbox 808 2078 1003 2140; x_wconf 87' lang='lat' dir='ltr'>innascitur</span> <span class='ocrx_word' id='word_1_100' title='bbox 1031 2077 1137 2160; x_wconf 79' lang='lat' dir='ltr'>agris,</span> <span class='ocrx_word' id='word_1_101' title='bbox 1199 2095 1265 2159; x_wconf 85' lang='lat' dir='ltr'>[Sat.</span> <span class='ocrx_word' id='word_1_102' title='bbox 1285 2095 1307 2144; x_wconf 90' lang='grc' dir='ltr'>Ι,</span> <span class='ocrx_word' id='word_1_103' title='bbox 1327 2107 1351 2155; x_wconf 84' lang='lat'>3-</span> <span class='ocrx_word' id='word_1_104' title='bbox 1371 2105 1404 2156; x_wconf 86' lang='lat'>34</span> <span class='ocrx_word' id='word_1_105' title='bbox 1423 2093 1494 2158; x_wconf 88' lang='lat' dir='ltr'>sqq.]</span> 
     </span>
    </p>
   </div>
   <div class='ocr_carea' id='block_1_7' title="bbox 337 2235 1489 2404">
    <p class='ocr_par' dir='ltr' id='par_1_10' title="bbox 337 2235 1489 2404">
     <span class='ocr_line' id='line_1_18' title="bbox 338 2235 1139 2314; baseline 0.001 -19"><span class='ocrx_word' id='word_1_106' title='bbox 338 2235 478 2298; x_wconf 90' lang='lat' dir='ltr'>Vellem</span> <span class='ocrx_word' id='word_1_107' title='bbox 502 2235 537 2297; x_wconf 94' lang='lat' dir='ltr'>in</span> <span class='ocrx_word' id='word_1_108' title='bbox 562 2235 715 2297; x_wconf 88' lang='lat' dir='ltr'>amicitia</span> <span class='ocrx_word' id='word_1_109' title='bbox 739 2272 781 2280; x_wconf 90' lang='lat'><em>-</em></span> <span class='ocrx_word' id='word_1_110' title='bbox 805 2254 1013 2314; x_wconf 63' lang='lat' dir='ltr'>erraremus</span> <span class='ocrx_word' id='word_1_111' title='bbox 1039 2244 1073 2296; x_wconf 91' lang='lat' dir='ltr'>et</span> <span class='ocrx_word' id='word_1_112' title='bbox 1098 2269 1139 2279; x_wconf 93' lang='lat'>—</span> 
     </span>
     <span class='ocr_line' id='line_1_19' title="bbox 337 2322 1489 2404; baseline 0.003 -21"><span class='ocrx_word' id='word_1_113' title='bbox 337 2323 456 2384; x_wconf 91' lang='lat' dir='ltr'>Errori</span> <span class='ocrx_word' id='word_1_114' title='bbox 480 2342 610 2384; x_wconf 91' lang='lat' dir='ltr'>nomen</span> <span class='ocrx_word' id='word_1_115' title='bbox 633 2323 747 2384; x_wconf 88' lang='lat' dir='ltr'>virtus</span> <span class='ocrx_word' id='word_1_116' title='bbox 770 2322 951 2403; x_wconf 90' lang='lat' dir='ltr'>posuisset</span> <span class='ocrx_word' id='word_1_117' title='bbox 974 2323 1174 2383; x_wconf 91' lang='lat' dir='ltr'>honestum.</span> <span class='ocrx_word' id='word_1_118' title='bbox 1218 2337 1279 2404; x_wconf 82' lang='lat' dir='ltr'>[sat.</span> <span class='ocrx_word' id='word_1_119' title='bbox 1300 2341 1321 2389; x_wconf 89' lang='grc' dir='ltr'>Ι.</span> <span class='ocrx_word' id='word_1_120' title='bbox 1341 2352 1365 2399; x_wconf 87' lang='lat'>3.</span> <span class='ocrx_word' id='word_1_121' title='bbox 1385 2351 1416 2401; x_wconf 88' lang='lat'>41</span> <span class='ocrx_word' id='word_1_122' title='bbox 1438 2337 1489 2403; x_wconf 89' lang='lat' dir='ltr'>sq.]</span> 
     </span>
    </p>
   </div>
   <div class='ocr_carea' id='block_1_8' title="bbox 333 2480 1492 2649">
    <p class='ocr_par' dir='ltr' id='par_1_11' title="bbox 333 2480 1492 2649">
     <span class='ocr_line' id='line_1_20' title="bbox 468 2480 1203 2561; baseline -0.001 -20"><span class='ocrx_word' id='word_1_123' title='bbox 468 2480 541 2543; x_wconf 90' lang='lat' dir='ltr'>Nos</span> <span class='ocrx_word' id='word_1_124' title='bbox 565 2481 718 2542; x_wconf 90' lang='lat' dir='ltr'>virtutes</span> <span class='ocrx_word' id='word_1_125' title='bbox 742 2480 837 2561; x_wconf 86' lang='lat' dir='ltr'>ipsas</span> <span class='ocrx_word' id='word_1_126' title='bbox 863 2480 1072 2541; x_wconf 90' lang='lat' dir='ltr'>invertimus</span> <span class='ocrx_word' id='word_1_127' title='bbox 1096 2490 1203 2559; x_wconf 87' lang='lat' dir='ltr'>atque</span> 
     </span>
     <span class='ocr_line' id='line_1_21' title="bbox 333 2567 1492 2649; baseline 0.003 -20"><span class='ocrx_word' id='word_1_128' title='bbox 333 2568 523 2630; x_wconf 80' lang='lat' dir='ltr'>Sincerum</span> <span class='ocrx_word' id='word_1_129' title='bbox 548 2567 710 2649; x_wconf 91' lang='lat' dir='ltr'>cupimus</span> <span class='ocrx_word' id='word_1_130' title='bbox 734 2587 797 2628; x_wconf 86' lang='lat' dir='ltr'>vas</span> <span class='ocrx_word' id='word_1_131' title='bbox 822 2567 1031 2630; x_wconf 87' lang='lat' dir='ltr'>incrustare.</span> <span class='ocrx_word' id='word_1_132' title='bbox 1213 2584 1279 2648; x_wconf 82' lang='lat' dir='ltr'>[Sat.</span> <span class='ocrx_word' id='word_1_133' title='bbox 1299 2586 1321 2634; x_wconf 88' lang='lat'>1.</span> <span class='ocrx_word' id='word_1_134' title='bbox 1342 2595 1365 2643; x_wconf 81' lang='lat'>3-</span> <span class='ocrx_word' id='word_1_135' title='bbox 1387 2592 1417 2646; x_wconf 79' lang='lat'>55</span> <span class='ocrx_word' id='word_1_136' title='bbox 1439 2581 1492 2647; x_wconf 93' lang='lat' dir='ltr'>sq.]</span> 
     </span>
    </p>
   </div>
   <div class='ocr_carea' id='block_1_9' title="bbox 337 2721 1416 3240">
    <p class='ocr_par' dir='ltr' id='par_1_12' title="bbox 337 2721 1416 3065">
     <span class='ocr_line' id='line_1_22' title="bbox 337 2721 1375 2804; baseline -0.001 -21"><span class='ocrx_word' id='word_1_137' title='bbox 337 2723 451 2803; x_wconf 81' lang='lat' dir='ltr'>Quam</span> <span class='ocrx_word' id='word_1_138' title='bbox 475 2734 609 2785; x_wconf 92' lang='lat' dir='ltr'>temere</span> <span class='ocrx_word' id='word_1_139' title='bbox 634 2724 668 2784; x_wconf 90' lang='lat' dir='ltr'>in</span> <span class='ocrx_word' id='word_1_140' title='bbox 693 2732 833 2784; x_wconf 88' lang='lat' dir='ltr'>nosmet</span> <span class='ocrx_word' id='word_1_141' title='bbox 856 2723 974 2804; x_wconf 91' lang='lat' dir='ltr'>legem</span> <span class='ocrx_word' id='word_1_142' title='bbox 999 2721 1178 2784; x_wconf 89' lang='lat' dir='ltr'>sancimus</span> <span class='ocrx_word' id='word_1_143' title='bbox 1202 2722 1375 2802; x_wconf 85' lang='lat' dir='ltr'>iniquam!</span> 
     </span>
     <span class='ocr_line' id='line_1_23' title="bbox 338 2808 1331 2890; baseline -0.002 -18"><span class='ocrx_word' id='word_1_144' title='bbox 338 2811 428 2872; x_wconf 89' lang='lat' dir='ltr'>Nam</span> <span class='ocrx_word' id='word_1_145' title='bbox 453 2810 548 2872; x_wconf 89' lang='lat' dir='ltr'>vitiis</span> <span class='ocrx_word' id='word_1_146' title='bbox 573 2830 676 2872; x_wconf 91' lang='lat' dir='ltr'>nemo</span> <span class='ocrx_word' id='word_1_147' title='bbox 701 2810 776 2871; x_wconf 93' lang='lat' dir='ltr'>sine</span> <span class='ocrx_word' id='word_1_148' title='bbox 801 2810 975 2879; x_wconf 63' lang='lat' dir='ltr'>nescitum</span> <span class='ocrx_word' id='word_1_149' title='bbox 1001 2808 1157 2890; x_wconf 91' lang='lat' dir='ltr'>optimus</span> <span class='ocrx_word' id='word_1_150' title='bbox 1182 2810 1241 2871; x_wconf 91' lang='lat' dir='ltr'>ille</span> <span class='ocrx_word' id='word_1_151' title='bbox 1267 2818 1331 2888; x_wconf 84' lang='lat' dir='ltr'>est,</span> 
     </span>
     <span class='ocr_line' id='line_1_24' title="bbox 337 2895 1416 2978; baseline 0 -19"><span class='ocrx_word' id='word_1_152' title='bbox 337 2896 406 2977; x_wconf 79' lang='lat' dir='ltr'>Qui</span> <span class='ocrx_word' id='word_1_153' title='bbox 430 2897 580 2959; x_wconf 89' lang='lat' dir='ltr'>minimis</span> <span class='ocrx_word' id='word_1_154' title='bbox 605 2908 764 2978; x_wconf 85' lang='lat' dir='ltr'>urgetur.</span> <span class='ocrx_word' id='word_1_155' title='bbox 790 2895 940 2957; x_wconf 90' lang='lat' dir='ltr'>Amicus</span> <span class='ocrx_word' id='word_1_156' title='bbox 964 2896 1087 2974; x_wconf 84' lang='lat' dir='ltr'>dulcis,</span> <span class='ocrx_word' id='word_1_157' title='bbox 1112 2907 1151 2958; x_wconf 91' lang='lat' dir='ltr'>ut</span> <span class='ocrx_word' id='word_1_158' title='bbox 1175 2916 1328 2977; x_wconf 86' lang='lat' dir='ltr'>aequum</span> <span class='ocrx_word' id='word_1_159' title='bbox 1353 2909 1416 2976; x_wconf 85' lang='lat' dir='ltr'>est,</span> 
     </span>
     <span class='ocr_line' id='line_1_25' title="bbox 338 2982 1332 3065; baseline -0.001 -19"><span class='ocrx_word' id='word_1_160' title='bbox 338 2984 427 3046; x_wconf 90' lang='lat' dir='ltr'>Cum</span> <span class='ocrx_word' id='word_1_161' title='bbox 452 3005 531 3046; x_wconf 90' lang='lat' dir='ltr'>mea</span> <span class='ocrx_word' id='word_1_162' title='bbox 555 2994 763 3065; x_wconf 89' lang='lat' dir='ltr'>compenset</span> <span class='ocrx_word' id='word_1_163' title='bbox 787 2982 882 3044; x_wconf 90' lang='lat' dir='ltr'>vitiis</span> <span class='ocrx_word' id='word_1_164' title='bbox 906 2985 1011 3060; x_wconf 81' lang='lat' dir='ltr'>bona,</span> <span class='ocrx_word' id='word_1_165' title='bbox 1036 2983 1200 3063; x_wconf 90' lang='lat' dir='ltr'>pluribus</span> <span class='ocrx_word' id='word_1_166' title='bbox 1223 2985 1332 3063; x_wconf 87' lang='lat' dir='ltr'>hisce,</span> 
     </span>
    </p>

    <p class='ocr_par' dir='ltr' id='par_1_13' title="bbox 338 3069 1296 3152">
     <span class='ocr_line' id='line_1_26' title="bbox 338 3069 1296 3152; baseline -0.002 -19"><span class='ocrx_word' id='word_1_167' title='bbox 338 3072 376 3133; x_wconf 77' lang='lat' dir='ltr'>Si</span> <span class='ocrx_word' id='word_1_168' title='bbox 401 3073 505 3133; x_wconf 90' lang='lat' dir='ltr'>modo</span> <span class='ocrx_word' id='word_1_169' title='bbox 530 3073 634 3152; x_wconf 91' lang='lat' dir='ltr'>plura</span> <span class='ocrx_word' id='word_1_170' title='bbox 657 3071 741 3131; x_wconf 89' lang='lat' dir='ltr'>mihi</span> <span class='ocrx_word' id='word_1_171' title='bbox 765 3071 860 3132; x_wconf 86' lang='lat' dir='ltr'>bona</span> <span class='ocrx_word' id='word_1_172' title='bbox 884 3081 977 3149; x_wconf 79' lang='lat' dir='ltr'>sunt,</span> <span class='ocrx_word' id='word_1_173' title='bbox 1002 3069 1159 3149; x_wconf 85' lang='lat' dir='ltr'>inclinet,</span> <span class='ocrx_word' id='word_1_174' title='bbox 1185 3071 1296 3132; x_wconf 89' lang='lat' dir='ltr'>amari</span> 
     </span>
    </p>

    <p class='ocr_par' dir='ltr' id='par_1_14' title="bbox 337 3156 1266 3240">
     <span class='ocr_line' id='line_1_27' title="bbox 337 3156 1266 3240; baseline 0 -20"><span class='ocrx_word' id='word_1_175' title='bbox 337 3156 374 3220; x_wconf 84' lang='lat' dir='ltr'>Si</span> <span class='ocrx_word' id='word_1_176' title='bbox 399 3160 513 3220; x_wconf 87' lang='lat' dir='ltr'>volet:</span> <span class='ocrx_word' id='word_1_177' title='bbox 537 3159 604 3219; x_wconf 91' lang='lat' dir='ltr'>hac</span> <span class='ocrx_word' id='word_1_178' title='bbox 629 3159 710 3240; x_wconf 91' lang='lat' dir='ltr'>lege</span> <span class='ocrx_word' id='word_1_179' title='bbox 735 3157 770 3218; x_wconf 92' lang='lat' dir='ltr'>in</span> <span class='ocrx_word' id='word_1_180' title='bbox 795 3157 929 3219; x_wconf 92' lang='lat' dir='ltr'>trutina</span> <span class='ocrx_word' id='word_1_181' title='bbox 952 3164 1106 3237; x_wconf 90' lang='lat' dir='ltr'>ponetur</span> <span class='ocrx_word' id='word_1_182' title='bbox 1131 3159 1266 3220; x_wconf 86' lang='lat' dir='ltr'>eadem.</span> 
     </span>
    </p>
   </div>
   <div class='ocr_carea' id='block_1_10' title="bbox 1200 3261 1491 3329">
    <p class='ocr_par' dir='ltr' id='par_1_15' title="bbox 1200 3261 1491 3329">
     <span class='ocr_line' id='line_1_28' title="bbox 1200 3261 1491 3329; baseline 0 -1"><span class='ocrx_word' id='word_1_183' title='bbox 1200 3261 1491 3329; x_wconf 39' lang='lat' dir='ltr'>[mianum</span> 
     </span>
    </p>
   </div>
   <div class='ocr_carea' id='block_1_11' title="bbox 336 3370 1329 3884">
    <p class='ocr_par' dir='ltr' id='par_1_16' title="bbox 336 3370 1329 3884">
     <span class='ocr_line' id='line_1_29' title="bbox 920 3370 1167 3448; baseline -0.004 -19"><span class='ocrx_word' id='word_1_184' title='bbox 920 3370 1087 3448; x_wconf 82' lang='lat' dir='ltr'>Aequum</span> <span class='ocrx_word' id='word_1_185' title='bbox 1113 3381 1167 3429; x_wconf 89' lang='lat' dir='ltr'>est</span> 
     </span>
     <span class='ocr_line' id='line_1_30' title="bbox 342 3454 1233 3535; baseline -0.001 -19"><span class='ocrx_word' id='word_1_186' title='bbox 342 3455 507 3519; x_wconf 85' lang='lat' dir='ltr'>Peccatis</span> <span class='ocrx_word' id='word_1_187' title='bbox 531 3454 670 3515; x_wconf 85' lang='lat' dir='ltr'>veniam</span> <span class='ocrx_word' id='word_1_188' title='bbox 694 3465 901 3535; x_wconf 88' lang='lat' dir='ltr'>poscentem</span> <span class='ocrx_word' id='word_1_189' title='bbox 926 3455 1077 3517; x_wconf 91' lang='lat' dir='ltr'>reddere</span> <span class='ocrx_word' id='word_1_190' title='bbox 1101 3474 1233 3516; x_wconf 85' lang='lat' dir='ltr'>rursus</span> 
     </span>
     <span class='ocr_line' id='line_1_31' title="bbox 338 3541 1287 3623; baseline -0.002 -19"><span class='ocrx_word' id='word_1_191' title='bbox 338 3541 514 3622; x_wconf 82' lang='lat' dir='ltr'>Denique,</span> <span class='ocrx_word' id='word_1_192' title='bbox 539 3552 717 3621; x_wconf 89' lang='lat' dir='ltr'>quatenus</span> <span class='ocrx_word' id='word_1_193' title='bbox 742 3541 861 3603; x_wconf 82' lang='lat' dir='ltr'>excidi</span> <span class='ocrx_word' id='word_1_194' title='bbox 885 3542 1028 3623; x_wconf 87' lang='lat' dir='ltr'>penitus</span> <span class='ocrx_word' id='word_1_195' title='bbox 1052 3542 1177 3603; x_wconf 84' lang='lat' dir='ltr'>vitium</span> <span class='ocrx_word' id='word_1_196' title='bbox 1202 3542 1287 3619; x_wconf 80' lang='lat' dir='ltr'>irae,</span> 
     </span>
     <span class='ocr_line' id='line_1_32' title="bbox 337 3629 1329 3708; baseline -0.002 -17"><span class='ocrx_word' id='word_1_197' title='bbox 337 3630 466 3692; x_wconf 88' lang='lat' dir='ltr'>Cetera</span> <span class='ocrx_word' id='word_1_198' title='bbox 490 3629 573 3690; x_wconf 89' lang='lat' dir='ltr'>item</span> <span class='ocrx_word' id='word_1_199' title='bbox 599 3638 782 3708; x_wconf 88' lang='lat' dir='ltr'>nequeunt</span> <span class='ocrx_word' id='word_1_200' title='bbox 807 3629 926 3691; x_wconf 91' lang='lat' dir='ltr'>stultis</span> <span class='ocrx_word' id='word_1_201' title='bbox 949 3630 1146 3708; x_wconf 78' lang='lat' dir='ltr'>haerentia,</span> <span class='ocrx_word' id='word_1_202' title='bbox 1172 3648 1235 3690; x_wconf 91' lang='lat' dir='ltr'>cur</span> <span class='ocrx_word' id='word_1_203' title='bbox 1259 3648 1329 3690; x_wconf 93' lang='lat' dir='ltr'>non</span> 
     </span>
     <span class='ocr_line' id='line_1_33' title="bbox 336 3715 1322 3796; baseline -0.002 -18"><span class='ocrx_word' id='word_1_204' title='bbox 336 3715 561 3778; x_wconf 87' lang='lat' dir='ltr'>Ponderibus</span> <span class='ocrx_word' id='word_1_205' title='bbox 586 3716 811 3796; x_wconf 89' lang='lat' dir='ltr'>modulisque</span> <span class='ocrx_word' id='word_1_206' title='bbox 835 3717 909 3777; x_wconf 92' lang='lat' dir='ltr'>suis</span> <span class='ocrx_word' id='word_1_207' title='bbox 934 3716 1025 3778; x_wconf 89' lang='lat' dir='ltr'>ratio</span> <span class='ocrx_word' id='word_1_208' title='bbox 1049 3717 1171 3795; x_wconf 78' lang='lat' dir='ltr'>utitur,</span> <span class='ocrx_word' id='word_1_209' title='bbox 1196 3735 1238 3777; x_wconf 89' lang='lat' dir='ltr'>ac</span> <span class='ocrx_word' id='word_1_210' title='bbox 1264 3736 1322 3777; x_wconf 89' lang='lat' dir='ltr'>res</span> 
     </span>
     <span class='ocr_line' id='line_1_34' title="bbox 338 3803 1297 3884; baseline -0.003 -19"><span class='ocrx_word' id='word_1_211' title='bbox 338 3804 387 3865; x_wconf 92' lang='lat' dir='ltr'>Ut</span> <span class='ocrx_word' id='word_1_212' title='bbox 411 3821 576 3883; x_wconf 90' lang='lat' dir='ltr'>quaeque</span> <span class='ocrx_word' id='word_1_213' title='bbox 601 3812 666 3879; x_wconf 87' lang='lat' dir='ltr'>est,</span> <span class='ocrx_word' id='word_1_214' title='bbox 691 3803 740 3864; x_wconf 92' lang='lat' dir='ltr'>ita</span> <span class='ocrx_word' id='word_1_215' title='bbox 765 3803 950 3884; x_wconf 91' lang='lat' dir='ltr'>suppliciis</span> <span class='ocrx_word' id='word_1_216' title='bbox 975 3803 1107 3865; x_wconf 89' lang='lat' dir='ltr'>delicta</span> <span class='ocrx_word' id='word_1_217' title='bbox 1131 3805 1297 3864; x_wconf 82' lang='lat' dir='ltr'>coercet?</span> 
     </span>
    </p>
   </div>
   <div class='ocr_carea' id='block_1_12' title="bbox 1199 3905 1493 3971">
    <p class='ocr_par' dir='ltr' id='par_1_17' title="bbox 1199 3905 1493 3971">
     <span class='ocr_line' id='line_1_35' title="bbox 1199 3905 1493 3971; baseline -0.003 0"><span class='ocrx_word' id='word_1_218' title='bbox 1199 3905 1493 3971; x_wconf 50' lang='lat' dir='ltr'>[Qfflsuuffl</span> 
     </span>
    </p>
   </div>
   <div class='ocr_carea' id='block_1_13' title="bbox 335 4011 1492 4651">
    <p class='ocr_par' dir='ltr' id='par_1_18' title="bbox 335 4011 1492 4651">
     <span class='ocr_line' id='line_1_36' title="bbox 336 4011 1296 4094; baseline 0 -21"><span class='ocrx_word' id='word_1_219' title='bbox 336 4011 425 4092; x_wconf 82' lang='lat' dir='ltr'>Quis</span> <span class='ocrx_word' id='word_1_220' title='bbox 448 4011 548 4092; x_wconf 87' lang='lat' dir='ltr'>paria</span> <span class='ocrx_word' id='word_1_221' title='bbox 573 4032 651 4074; x_wconf 88' lang='lat' dir='ltr'>esse</span> <span class='ocrx_word' id='word_1_222' title='bbox 676 4011 751 4073; x_wconf 86' lang='lat' dir='ltr'>fere</span> <span class='ocrx_word' id='word_1_223' title='bbox 776 4011 911 4093; x_wconf 88' lang='lat' dir='ltr'>placuit</span> <span class='ocrx_word' id='word_1_224' title='bbox 936 4021 1097 4094; x_wconf 83' lang='lat' dir='ltr'>peccata,</span> <span class='ocrx_word' id='word_1_225' title='bbox 1122 4012 1296 4091; x_wconf 84' lang='lat' dir='ltr'>laborant,</span> 
     </span>
     <span class='ocr_line' id='line_1_37' title="bbox 336 4098 1492 4181; baseline 0 -22"><span class='ocrx_word' id='word_1_226' title='bbox 336 4098 424 4160; x_wconf 88' lang='lat' dir='ltr'>Cum</span> <span class='ocrx_word' id='word_1_227' title='bbox 448 4108 593 4160; x_wconf 81' lang='lat' dir='ltr'>uentum</span> <span class='ocrx_word' id='word_1_228' title='bbox 618 4100 663 4160; x_wconf 88' lang='lat' dir='ltr'>ad</span> <span class='ocrx_word' id='word_1_229' title='bbox 688 4119 811 4161; x_wconf 90' lang='lat' dir='ltr'>verum</span> <span class='ocrx_word' id='word_1_230' title='bbox 837 4110 908 4171; x_wconf 88' lang='lat' dir='ltr'>est;</span> <span class='ocrx_word' id='word_1_231' title='bbox 934 4119 1061 4161; x_wconf 91' lang='lat' dir='ltr'>sensus</span> <span class='ocrx_word' id='word_1_232' title='bbox 1082 4118 1271 4180; x_wconf 90' lang='lat' dir='ltr'>moresque</span> <span class='ocrx_word' id='word_1_233' title='bbox 1288 4107 1492 4181; x_wconf 85' lang='lat' dir='ltr'>repugnant</span> 
     </span>
     <span class='ocr_line' id='line_1_38' title="bbox 336 4186 1312 4267; baseline 0.003 -20"><span class='ocrx_word' id='word_1_234' title='bbox 336 4188 457 4267; x_wconf 75' lang='lat' dir='ltr'>Atque</span> <span class='ocrx_word' id='word_1_235' title='bbox 483 4186 561 4266; x_wconf 92' lang='lat' dir='ltr'>ipsa</span> <span class='ocrx_word' id='word_1_236' title='bbox 585 4186 730 4265; x_wconf 81' lang='lat' dir='ltr'>utilitas,</span> <span class='ocrx_word' id='word_1_237' title='bbox 755 4187 838 4249; x_wconf 90' lang='lat' dir='ltr'>iusti</span> <span class='ocrx_word' id='word_1_238' title='bbox 862 4206 975 4267; x_wconf 90' lang='lat' dir='ltr'>prope</span> <span class='ocrx_word' id='word_1_239' title='bbox 1000 4196 1113 4248; x_wconf 88' lang='lat' dir='ltr'>mater</span> <span class='ocrx_word' id='word_1_240' title='bbox 1137 4197 1172 4248; x_wconf 91' lang='lat' dir='ltr'>et</span> <span class='ocrx_word' id='word_1_241' title='bbox 1197 4187 1312 4267; x_wconf 90' lang='lat' dir='ltr'>aequi.</span> 
     </span>
     <span class='ocr_line' id='line_1_39' title="bbox 1195 4288 1492 4357; baseline 0 -19"><span class='ocrx_word' id='word_1_242' title='bbox 1195 4291 1262 4355; x_wconf 84' lang='lat' dir='ltr'>[Sat.</span> <span class='ocrx_word' id='word_1_243' title='bbox 1282 4293 1305 4339; x_wconf 92' lang='lat'>1.</span> <span class='ocrx_word' id='word_1_244' title='bbox 1325 4303 1348 4350; x_wconf 86' lang='lat'>3.</span> <span class='ocrx_word' id='word_1_245' title='bbox 1369 4288 1402 4357; x_wconf 81' lang='lat'>96</span> <span class='ocrx_word' id='word_1_246' title='bbox 1422 4288 1492 4354; x_wconf 91' lang='lat' dir='ltr'>sqq.]</span> 
     </span>
     <span class='ocr_line' id='line_1_40' title="bbox 337 4393 1218 4477; baseline 0 -21"><span class='ocrx_word' id='word_1_247' title='bbox 337 4393 481 4477; x_wconf 84' lang='lat' dir='ltr'>Oppida</span> <span class='ocrx_word' id='word_1_248' title='bbox 505 4403 701 4476; x_wconf 90' lang='lat' dir='ltr'>coeperunt</span> <span class='ocrx_word' id='word_1_249' title='bbox 726 4397 863 4457; x_wconf 91' lang='lat' dir='ltr'>munire</span> <span class='ocrx_word' id='word_1_250' title='bbox 889 4405 924 4457; x_wconf 94' lang='lat' dir='ltr'>et</span> <span class='ocrx_word' id='word_1_251' title='bbox 948 4415 1082 4476; x_wconf 88' lang='lat' dir='ltr'>ponere</span> <span class='ocrx_word' id='word_1_252' title='bbox 1106 4397 1218 4477; x_wconf 79' lang='lat' dir='ltr'>leges,</span> 
     </span>
     <span class='ocr_line' id='line_1_41' title="bbox 335 4480 1295 4563; baseline 0.001 -20"><span class='ocrx_word' id='word_1_253' title='bbox 335 4482 388 4544; x_wconf 90' lang='lat' dir='ltr'>Ne</span> <span class='ocrx_word' id='word_1_254' title='bbox 414 4480 492 4563; x_wconf 91' lang='lat' dir='ltr'>quis</span> <span class='ocrx_word' id='word_1_255' title='bbox 516 4480 574 4543; x_wconf 83' lang='lat' dir='ltr'>fur</span> <span class='ocrx_word' id='word_1_256' title='bbox 598 4492 703 4555; x_wconf 68' lang='lat' dir='ltr'>esset,</span> <span class='ocrx_word' id='word_1_257' title='bbox 729 4502 797 4549; x_wconf 86' lang='lat' dir='ltr'>neu</span> <span class='ocrx_word' id='word_1_258' title='bbox 822 4483 923 4561; x_wconf 75' lang='lat' dir='ltr'>latro,</span> <span class='ocrx_word' id='word_1_259' title='bbox 948 4502 1017 4544; x_wconf 90' lang='lat' dir='ltr'>neu</span> <span class='ocrx_word' id='word_1_260' title='bbox 1042 4483 1122 4563; x_wconf 90' lang='lat' dir='ltr'>quis</span> <span class='ocrx_word' id='word_1_261' title='bbox 1148 4482 1295 4544; x_wconf 90' lang='lat' dir='ltr'>adulter.</span> 
     </span>
     <span class='ocr_line' id='line_1_42' title="bbox 535 4584 1489 4651; baseline 0 -16"><span class='ocrx_word' id='word_1_262' title='bbox 535 4594 537 4599; x_wconf 84' lang='grc'><em>“</em></span> <span class='ocrx_word' id='word_1_263' title='bbox 1198 4586 1264 4651; x_wconf 87' lang='lat' dir='ltr'>[Sat.</span> <span class='ocrx_word' id='word_1_264' title='bbox 1284 4589 1306 4635; x_wconf 91' lang='grc' dir='ltr'>Ι.</span> <span class='ocrx_word' id='word_1_265' title='bbox 1326 4599 1349 4648; x_wconf 85' lang='lat'>3.</span> <span class='ocrx_word' id='word_1_266' title='bbox 1374 4596 1419 4648; x_wconf 83' lang='lat'>105</span> <span class='ocrx_word' id='word_1_267' title='bbox 1440 4584 1489 4651; x_wconf 86' lang='lat' dir='ltr'>sq.]</span> 
     </span>
    </p>
   </div>
   <div class='ocr_carea' id='block_1_14' title="bbox 0 0 1624 5040">
    <p class='ocr_par' dir='ltr' id='par_1_19' title="bbox 0 0 1624 5040">
     <span class='ocr_line' id='line_1_43' title="bbox 0 0 1624 5040; baseline 0 1"><span class='ocrx_word' id='word_1_268' title='bbox 0 0 1624 5040; x_wconf 95' lang='lat' dir='ltr'> </span> 
     </span>
    </p>
   </div>
  </div>
 </body>
</html>
