3240 5040
1368 393 1401 434 11

207 555 329 629 gatas
358 567 431 628 per
455 555 566 608 artes
590 548 720 607 verba
743 546 909 607 locutus
940 543 1142 606 socianda
1170 542 1406 628 chordis⁴⁴),

209 634 280 715 qui,
306 635 401 715 quod
425 633 624 714 princeps
649 632 841 695 Aeolium
866 650 1031 693 carmen
1054 633 1104 692 ad
1128 630 1260 695 Italos
1284 633 1406 693 dedu-

208 719 550 799 xissetmodos45)
569 730 603 781 et
620 719 766 792 Parios
782 719 955 800 primum
972 718 1130 780 iambos
1147 717 1407 802 ostendisset

209 807 342 887 Latio,
375 826 569 869 numeros
608 807 850 886 animosque
883 815 1055 867 secutus
1087 803 1406 886 Archilochi,⁴⁶)

208 914 373 976 magnam
407 893 559 976 gloriam
595 903 810 955 consecutus
847 912 926 954 esse
962 891 1030 953 sibi
1065 892 1256 971 videbatur
1290 912 1406 974 neque

208 982 435 1060 desperabat,
448 1000 527 1042 non
544 1000 700 1042 omnem
717 999 759 1041 se
777 999 869 1041 esse
893 979 1138 1040 moriturum
1154 980 1411 1060 multamque.

207 1077 369 1149 partem
405 1068 470 1129 sui
500 1066 725 1129 vitaturam
760 1086 852 1145 esse
888 1064 1185 1148 Libitinam,⁴⁷)
1216 1065 1251 1127 in
1287 1066 1406 1129 satiris

207 1162 342 1217 tantam
376 1155 554 1216 licentiam
590 1154 658 1215 sibi
692 1163 849 1215 sumeret
881 1153 916 1214 in
946 1152 1112 1215 versibus
1143 1152 1297 1216 heroicis
1326 1173 1406 1215 con-

208 1242 398 1321 struendis,
424 1249 462 1302 ut
486 1260 623 1318 versus,
649 1240 709 1323 qui
732 1241 853 1303 multis
877 1241 1086 1303 viderentur
1114 1241 1219 1302 male
1250 1241 1407 1302 tornati

209 1348 299 1408 esse,
332 1348 412 1390 non
442 1329 642 1390 redderet
674 1328 841 1389 incudi?
873 1325 952 1407 Quo
976 1328 1052 1388 iure
1079 1337 1152 1388 tam
1176 1329 1408 1390 vehementer

208 1416 372 1477 invectus
397 1425 451 1477 est
475 1417 510 1476 in
534 1415 719 1495 Lucilium,
744 1416 839 1496 quod
863 1413 1144 1494 incomposito
1177 1415 1285 1495 pede
1321 1433 1406 1477 cur·

208 1500 375 1580 reret⁴⁸)
400 1513 435 1564 et
459 1504 587 1565 durus
612 1511 726 1564 esset
750 1520 999 1583 componere
1024 1499 1248 1581 versus?‘⁴⁹)
1278 1501 1406 1578 Nonne

207 1589 283 1670 ipse
321 1593 484 1651 veniam
522 1590 542 1651 i.
576 1609 604 1651 e.
637 1589 816 1651 licentiam
856 1590 992 1649 datam
1031 1587 1167 1668 poetis
1206 1585 1409 1651 Romanis

207 1676 420 1758 indignam
450 1675 597 1757 esse50)
628 1676 798 1738 iudicavit
825 1685 933 1756 atque
955 1675 1166 1756 quaestione¹
1188 1675 1257 1736 sibi
1279 1675 1407 1756 posita,

208 1773 361 1825 natura
383 1762 510 1824 fieret
534 1764 752 1825 laudabile
782 1782 950 1847 carmen
979 1781 1027 1823 an
1058 1771 1163 1840 arte,
1186 1781 1304 1823 nonne
1328 1758 1410 1843 pross

208 1850 396 1930 nuntiavit,
421 1869 459 1911 se
491 1851 632 1912 omnino
664 1870 743 1911 non
774 1850 935 1928 videre,
969 1848 1068 1930 quid
1099 1849 1282 1911 studium
1317 1850 1406 1912 sine

208 1937 341 1998 divite
365 1957 485 2016 vena,
511 1937 609 2019 quid
641 1940 745 1999 rude
777 1936 992 2019 ingenium
1016 1945 1175 2016 posset,
1199 1938 1263 1997 sed
1287 1956 1412 2017 unam·

208 2043 291 2085 rem
315 2024 492 2095 alterius
516 2044 693 2105 poscere
718 2043 834 2105 opem
863 2033 1086 2103 utramque
1111 2022 1241 2084 amice
1271 2024 1406 2085 coniu-

208 2110 354 2188 rare⁵¹)
379 2112 536 2172 debere?
889 2105 892 2112 ’

313 2195 421 2259 Cuius
445 2198 496 2259 rei
514 2216 622 2259 causa
637 2217 682 2258 ne
699 2207 883 2278 repetatur
900 2217 946 2258 ex
967 2196 1113 2257 iuvenili
1130 2204 1258 2276 aetate,
1276 2199 1406 2277 obstat,

210 2285 306 2364 quod
330 2285 366 2346 in
390 2284 526 2364 epodiS,
559 2305 649 2365 quos
677 2285 802 2346 iisdem
825 2282 901 2346 fere
926 2284 1028 2345 annis
1052 2284 1181 2364 quibus
1205 2300 1410 2349 sermonum

209 2371 320 2433 libros
355 2374 508 2452 scriptos
544 2391 623 2434 esse
659 2372 878 2454 argumentis
910 2371 996 2432 satis
1028 2371 1134 2432 certis
1165 2371 1311 2432 doctum
1342 2380 1408 2453 est,

207 2476 333 2519 versus
357 2459 556 2521 hexametri
579 2461 691 2521 multo
715 2457 940 2521 artificiosius
958 2457 1143 2539 compositi
1167 2457 1407 2520 inveniuntur.

208 2544 334 2626 Itaque
358 2566 429 2607 non
461 2546 596 2628 ingenii
628 2547 787 2627 artisque
810 2546 898 2606 vitio
922 2545 1175 2625 neglegentius
1208 2546 1422 2626 composuit,

209 2651 344 2711 versus,
370 2636 434 2694 sed
460 2634 607 2694 consilio
632 2645 667 2694 et
691 2633 831 2694 iudicio
858 2629 946 2693 Cum
971 2631 1128 2691 Lucilius
1153 2631 1282 2692 omnis
1314 2652 1406 2713 pen-

209 2721 329 2780 deret
361 2739 382 2780 a
412 2720 579 2800 priscae
604 2719 845 2781 comoediae
869 2717 1115 2799 scriptoribus,
1140 2737 1201 2778 eos
1233 2719 1406 2780 mutatis

208 2815 368 2867 tantum
392 2807 573 2887 pedibus
597 2806 863 2886 numerisque
888 2803 1132 2887 secutus,⁵2)
1163 2803 1336 2866 Horatius
1368 2826 1407 2868 se

208 2892 394 2973 scripsisse
412 2894 460 2955 ait
477 2893 659 2955 sermoni
674 2894 880 2974 propiora.
893 2890 935 2976 ⁵³)
952 2891 1003 2953 Ut
1019 2911 1106 2953 vero
1119 2911 1245 2953 versus
1261 2893 1407 2972 heroici,

209 2979 339 3060 quibus
363 2979 539 3042 Lucilium
570 2989 715 3042 secutus
748 2980 798 3041 uti
827 2989 1012 3060 statuerat,
1037 2988 1252 3060 argumento
1275 2999 1408 3061 magna

209 3087 255 3128 ex
286 3076 388 3148 parte
420 3088 514 3129 novo
545 3067 619 3148 apti
652 3078 772 3129 essent
805 3077 839 3128 et
870 3067 1102 3144 accomodati,
1127 3067 1221 3127 omni
1249 3067 1409 3129 sollertia

209 3173 271 3215 eos
296 3155 486 3216 extenuari
510 3174 659 3216 necesse
684 3164 770 3232 erat,
795 3165 833 3215 ut
858 3174 964 3235 quam
989 3153 1142 3215 maxime
1173 3155 1218 3214 ad
1243 3163 1408 3216 naturam

209 3240 380 3302 orationis
404 3261 532 3323 prosae
561 3243 629 3302 hoc
658 3242 777 3322 poesis
801 3261 917 3323 genus
941 3243 1139 3302 accederet.
1164 3239 1203 3301 Id
1230 3260 1316 3302 vero
1339 3242 1406 3303 hac

210 3326 431 3407 potissimum
462 3329 600 3390 ratione
630 3348 668 3390 se
700 3329 842 3410 assequi
873 3347 980 3409 posse
1012 3330 1177 3408 putabat,
1207 3336 1245 3389 ut
1269 3346 1413 3408 versus,

209 3421 380 3495 quantum
411 3413 487 3477 fieri
515 3425 648 3497 posset,
673 3414 821 3477 artificio
846 3425 1009 3476 carerent
1033 3415 1262 3495 speciemque
1286 3417 1406 3496 negle-

208 3501 353 3581 gentiae
377 3522 463 3583 prae
487 3522 525 3563 se
549 3502 693 3564 ferrent.
720 3502 901 3566 Sectanda
925 3501 1034 3584 igitur
1058 3511 1135 3562 erat
1166 3511 1202 3562 et
1233 3503 1404 3565 orationis

212 3597 246 3648 et
271 3608 498 3651 numerorum
523 3589 769 3671 inaequalitas,
794 3599 843 3669 ut,
869 3591 964 3671 quod
996 3608 1162 3650 senorum
1193 3590 1324 3668 pedum
1349 3609 1406 3650 ne-

209 3675 381 3737 cessitate
413 3676 515 3737 nimis
547 3677 757 3739 adstrictum
790 3697 870 3738 esse
894 3677 1092 3756 videretur,
1118 3676 1270 3756 quodam
1304 3679 1407 3739 modo

208 3763 441 3824 relaxaretur.
474 3763 529 3824 Ne
553 3764 756 3844 asperitatis
782 3763 924 3844 quidem
949 3771 1035 3824 nota
1062 3772 1138 3823 erat
1167 3762 1345 3841 evitanda,
1370 3776 1408 3827 ut

208 3849 431 3911 irrisionibus
455 3851 566 3912 maior
586 3851 640 3911 vis
663 3851 895 3932 gravitasque
919 3851 1123 3911 adderetur.
1149 3847 1262 3929 Quam
1287 3853 1407 3913 soller-

208 3936 292 3996 tiam
324 3946 359 3997 et
391 3938 643 3999 dexteritatem
675 3939 710 3999 in
740 3939 868 3999 ceteris
893 3936 1062 4018 operibus
1087 3935 1170 4015 suis,
1194 3936 1347 3999 maxime
1372 3938 1425 4001 in.

209 4022 425 4084 carminibus
442 4025 620 4105 praestitit
636 4025 818 4104 Horatius,
836 4035 876 4086 ut
892 4044 1060 4085 versuum
1085 4032 1245 4084 uteretur
1261 4043 1407 4105 genere,

209 4110 304 4189 quod
329 4113 539 4191 argumenti,
565 4115 660 4192 quod
684 4121 976 4194 pertractaretur,
994 4122 1140 4172 naturae
1165 4113 1406 4173 accommoda-

208 4195 382 4257 tissimum
399 4207 505 4276 esset,
523 4219 600 4260 eam
624 4200 659 4260 in
683 4199 798 4261 satiris
823 4218 965 4279 quoque
990 4217 1216 4260 numerorum
1241 4197 1406 4280 inaequa-

209 4282 308 4344 litate
344 4283 580 4366 simulataque
616 4286 848 4368 neglegentia
882 4287 931 4347 ita
965 4284 1147 4367 probavit,
1172 4293 1212 4347 ut
1246 4305 1320 4347 rem
1360 4306 1406 4348 ex

208 4370 370 4449 instituti,
396 4375 492 4452 quod
525 4372 601 4453 ipse
633 4376 863 4454 sequebatur,
887 4372 1059 4454 peculiari
1090 4372 1238 4451 ratione,
1263 4393 1333 4434 non
1362 4374 1407 4435 ad

312 4526 349 4593 ⁴⁴)
375 4529 460 4578 Carni.
480 4532 529 4579 IV.
550 4547 572 4594 9.
594 4541 608 4590 3
629 4546 715 4594 sq-
736 4528 772 4594 ⁴⁵)
794 4530 877 4580 Carm.
898 4532 950 4582 III.
969 4542 1011 4590 30.
1035 4541 1063 4591 13
1085 4545 1122 4592 sq.
1143 4555 1177 4567 —
1196 4526 1232 4592 ⁴⁶)
1252 4530 1302 4593 Ep.
1323 4531 1344 4579 I.
1368 4541 1406 4595 19.

209 4612 241 4660 23
256 4616 294 4663 sq.
309 4627 340 4635 -
360 4597 397 4663 ⁴⁷)
418 4599 569 4650 Carmlll.
590 4612 630 4660 30.
651 4600 666 4647 6
687 4616 724 4663 sq.
745 4627 778 4637 -·
797 4599 834 4665 ⁴⁸)
854 4601 908 4648 Sat.
928 4601 948 4647 1.
973 4611 1010 4649 10.
1034 4613 1054 4649 1.
1070 4627 1099 4636 -
1120 4595 1157 4659 ⁴⁹)
1178 4597 1230 4648 Sat.
1250 4601 1272 4649 I.
1291 4613 1315 4662 4.
1336 4599 1358 4651 8.
1374 4628 1405 4637 -

207 4665 243 4734 ⁶⁰)
263 4671 299 4718 A.
318 4685 343 4733 p.
364 4670 468 4731 2⁶4-
484 4667 518 4733 51)
538 4671 574 4718 A.
588 4685 613 4734 p.
627 4671 677 4732 408
692 4686 747 4734 sqq.
768 4696 801 4706 -
821 4667 856 4734 52)
876 4671 931 4718 Sat.
948 4671 968 4718 I.
983 4669 1037 4728 46
1057 4685 1095 4732 sq.
1115 4695 1146 4704 -
1168 4666 1203 4734 ⁵³)
1224 4669 1343 4736 Sat-[4
1365 4683 1408 4733 42.
