3240 5040
228 535 286 597 Nil
310 533 479 596 admirari
504 554 615 615 prope
639 553 696 596 res
722 545 776 597 est
801 554 882 613 una,
906 571 949 581 -—

228 620 395 702 Solaque,
419 641 512 702 quae
536 621 650 701 possit
672 620 793 684 facere
819 631 853 684 et
878 641 1022 685 servare
1045 625 1201 688 beatum.

1129 728 1188 796 [Ep.
1210 735 1230 783 Ι,
1251 732 1274 784 6.
1297 747 1306 782 1
1330 734 1382 800 sq.]

226 830 345 893 Insani
368 831 510 913 sapiens
535 851 663 893 nomen
687 831 791 910 ferat,
814 851 954 913 aequus
978 832 1099 914 iniqui,

226 917 330 980 Ultra
354 938 460 998 quam
484 919 570 981 satis
595 929 649 980 est
672 920 841 981 virtutem
867 919 897 980 si
921 929 1020 1000 petat
1044 920 1166 1000 ipsam.

1106 1023 1166 1090 [ΕΡ-
1187 1029 1208 1076 1-
1229 1028 1253 1077 ⁶-
1277 1040 1305 1091 15
1328 1028 1378 1096 sn]

225 1126 408 1208 Quidquid
432 1129 500 1189 sub
524 1137 620 1189 terra
643 1137 707 1205 est,
732 1127 768 1188 in
792 1127 953 1208 apricum
980 1127 1137 1207 proferet
1160 1141 1275 1203 aetas;

225 1213 395 1276 Defodiet
420 1215 623 1295 condetque
646 1214 804 1276 nitentia.
1106 1231 1167 1298 [Ep.
1187 1237 1208 1285 Ι,
1230 1234 1254 1286 6.
1274 1247 1307 1297 24
1328 1235 1377 1303 sq]

756 1369 821 1431 Vis
845 1380 943 1432 recte
967 1370 1108 1433 vivere:
1134 1373 1213 1453 quis
1238 1378 1334 1437 non?

225 1456 262 1519 Si
287 1457 399 1519 virtus
423 1457 492 1518 hoc
516 1477 587 1518 una
610 1466 729 1538 potest
753 1457 849 1536 dare,
873 1456 977 1519 fortis
1002 1458 1140 1520 omissis

223 1544 301 1606 HOC
327 1563 396 1626 age
421 1543 567 1605 deliciis.
1081 1563 1144 1627 [Ep.
1164 1567 1187 1612 Ι.
1207 1565 1229 1616 6.
1256 1578 1288 1631 29
1308 1566 1378 1631 sqq.]

379 1698 541 1760 Uxorem
566 1718 645 1760 cum
670 1699 753 1760 dote
776 1697 955 1780 fidemque
979 1709 1014 1761 et
1038 1707 1170 1764 amicos

222 1786 267 1847 Et
291 1805 407 1868 genus
432 1795 466 1846 et
490 1784 639 1847 formam
663 1785 789 1866 regina
812 1786 972 1848 Pecunia
995 1786 1114 1863 donat,

222 1873 277 1934 Ac
301 1875 394 1934 bene
420 1882 638 1934 nummatum
663 1874 810 1934 decorat
835 1871 993 1935 Suadela
1016 1873 1224 1957 Venusque.

1087 1978 1148 2045 [Eo
1168 1983 1191 2028 1·
1210 1981 1234 2028 ⁶·
1255 1982 1288 2042 ³6
1308 1981 1374 2049 sqq.]

221 2063 334 2144 Exilis
359 2083 483 2144 domus
507 2093 573 2161 est,
599 2083 660 2143 ubi
685 2102 755 2143 non
780 2092 815 2144 et
839 2083 950 2145 multa
974 2094 1167 2164 supersunt

220 2168 264 2230 Et
288 2168 469 2231 dominum
493 2167 621 2230 fallunt
646 2177 680 2230 et
705 2179 855 2250 prosunt
878 2168 1028 2233 furibus,
1101 2187 1162 2255 [Ep.
1183 2193 1204 2239 1.
1225 2191 1249 2240 6.
1272 2205 1303 2255 45
1324 2191 1374 2258 sq]

222 2325 400 2406 Prodigus
425 2334 460 2386 et
484 2325 615 2386 stultus
639 2325 757 2405 donat,
782 2344 875 2404 quae
899 2326 1035 2406 spernit
1059 2336 1094 2388 et
1118 2328 1211 2402 odit;

220 2411 319 2473 Haec
344 2430 450 2493 seges
474 2411 634 2492 ingratos
658 2411 739 2473 tulit
763 2420 800 2472 et
821 2410 913 2474 feret
936 2413 1100 2475 omnibus
1124 2415 1237 2477 annis.

219 2498 283 2560 Vir
309 2502 424 2559 bonus
449 2507 485 2559 et
509 2498 652 2578 sapiens
676 2497 796 2580 dignis
820 2498 870 2559 ait
894 2518 974 2560 esse
999 2510 1156 2580 paratus,

219 2584 294 2647 Nec
318 2593 435 2646 tamen
460 2585 612 2666 ignorat,
637 2584 723 2664 quid
747 2584 879 2646 distent
904 2605 988 2647 aera
1012 2587 1152 2668 lupinis.

1085 2690 1186 2757 [Ep-1·
1207 2706 1229 2756 7·
1251 2707 1283 2742 ²0
1303 2694 1371 2762 sqq.]

217 2794 371 2855 Parvum
395 2813 507 2873 parva
532 2794 671 2855 decent.
1154 2813 1255 2879 [Eq.1.
1276 2830 1298 2878 7.
1319 2815 1370 2882 44·l

217 2914 336 2976 Metiri
361 2934 400 2977 se
426 2934 604 2996 quemque
629 2934 693 2976 suo
718 2917 861 2978 modulo
886 2935 928 2977 ac
952 2919 1045 2998 pede
1069 2938 1193 2980 verum
1219 2932 1282 2983 est.

1148 3022 1209 3090 [Eo
1230 3027 1252 3074 1·
1272 3037 1295 3088 7·
1319 3025 1369 3092 98l

216 3123 270 3183 Tu
295 3123 415 3185 nidum
441 3143 574 3204 servas,
600 3145 668 3207 ego
693 3126 798 3187 laudo
822 3127 915 3188 ruris
940 3129 1079 3189 amoeni

215 3209 331 3272 Rivos
357 3221 392 3272 et
415 3230 538 3272 musco
564 3212 762 3273 circumlita
785 3232 874 3274 saxa
898 3233 1104 3294 nemusque.

1099 3317 1162 3384 [Ep.
1179 3322 1200 3371 1.
1224 3333 1260 3370 10,
1282 3323 1297 3370 6
1318 3321 1367 3388 sq]

213 3418 262 3481 Ut
285 3457 329 3464 -
352 3420 548 3482 sacerdotis
572 3419 747 3502 fugitivus
770 3423 843 3484 liba
867 3442 1011 3495 recus0;

212 3506 309 3568 Pane
334 3525 426 3588 egeo
450 3507 517 3568 iam
541 3508 682 3570 mellitis
705 3508 845 3590 potiore
862 3511 1048 3590 placentis
1075 3526 1178 3594 [Ep.1.
1201 3541 1240 3581 10.
1264 3541 1294 3577 10
1315 3528 1366 3596 sq]

210 3664 344 3726 Vivere
368 3672 518 3725 naturae
543 3664 571 3725 si
596 3665 853 3727 convenienter
876 3676 1028 3747 oportet,

209 3749 477 3830 Ponendaeque
502 3751 607 3811 domo
632 3753 838 3831 quaerenda
862 3764 917 3814 est
941 3772 1026 3814 area
1048 3754 1212 3834 primum,

211 3836 396 3899 Novistine
420 3838 538 3898 locum
562 3838 737 3919 potiorem
761 3859 843 3901 rure
867 3841 994 3902 beato?
1053 3856 1114 3923 [Ep.
1133 3859 1155 3908 1.
1179 3870 1217 3909 10.
1241 3869 1270 3906 12
1297 3856 1366 3923 sqq.]

211 3991 381 4053 Naturam
406 3994 567 4074 expellas
590 3991 703 4073 furca,
728 4004 846 4055 tamen
870 4014 985 4076 usque
1009 4007 1181 4075 recurret,

143 4136 151 4143 .
209 4078 254 4140 Et
278 4079 371 4140 mala
394 4090 601 4162 perrumpet
622 4079 915 4162 furtimfastidia
938 4083 1078 4144 victrix.

272 4233 286 4251 Ἴ
308 4233 323 4253 n
1073 4167 1135 4235 [Ep.
1154 4173 1175 4220 Ι.
1200 4183 1237 4223 10.
1259 4183 1291 4233 24
1312 4169 1362 4236 sq.[

210 4269 323 4350 Quem
347 4291 406 4333 res
429 4272 510 4352 plus
534 4272 640 4335 nimio
666 4274 894 4335 delectavere
920 4274 1108 4353 secundae,

209 4358 369 4420 Mutatae
394 4358 566 4439 quatient.
592 4357 631 4421 Si
654 4360 740 4440 quid
764 4360 950 4440 mirabere,
975 4380 1087 4442 pones

209 4444 356 4507 Invitus
381 4445 484 4527 Fuge
508 4464 655 4527 magna3
681 4446 764 4508 licet
789 4449 856 4508 sub
881 4468 1039 4529 paupere
1064 4457 1160 4509 tecto

208 4531 334 4614 Reges
359 4542 394 4593 et
417 4536 544 4615 regum
568 4534 642 4595 vita
666 4553 898 4614 praecurrere
923 4535 1063 4596 amicos.

1057 4637 1116 4704 [Ep.
1136 4642 1157 4689 Ι.
1181 4650 1218 4690 10.
1239 4651 1273 4698 30
1292 4636 1361 4706 sqq.]

1244 4757 1265 4801 B
