3240 5040
248 791 250 797 ,
290 705 297 763 s
321 708 579 801 facturusne
616 745 768 808 operae
799 726 980 807 pretium
1012 744 1159 804 essem,
1184 734 1223 787 ut
1251 725 1291 786 T.
1312 724 1415 790 ⁴Livii

208 833 335 895 verbis
371 823 467 909 utar,
500 834 544 894 de
578 830 764 893 Venusino
803 838 910 911 poeta
953 830 987 891 si
1026 828 1311 911 scripsissem,
1339 850 1414 892 nec

210 937 318 999 satis
368 937 565 1015 sciebam,
605 954 693 1014 nec,
737 934 770 995 si
821 934 1056 1013 scivissem,
1099 934 1242 996 dicere
1289 954 1415 996 ausus

209 1060 361 1119 essem,
387 1039 519 1121 quippe
551 1039 622 1120 qui,
647 1048 734 1120 quot
762 1046 799 1099 et
826 1057 931 1119 quam
960 1038 1057 1100 docti
1081 1036 1147 1099 viri
1170 1038 1333 1119 pluribus
1357 1041 1416 1102 vel

208 1144 344 1206 libellis
371 1144 430 1212 vel
457 1144 572 1225 plenis
600 1142 842 1216 voluminibus
874 1162 954 1204 cum
982 1143 1183 1205 summatim
1206 1143 1252 1205 de
1274 1142 1416 1207 Horatii

208 1249 297 1327 vita,
315 1248 470 1330 ingenio,
487 1247 656 1326 moribuS,
673 1249 774 1329 poesi
797 1256 872 1309 tum
894 1247 939 1308 de
963 1248 1187 1330 singulorum
1210 1257 1415 1328 poematum

214 1353 334 1414 indole
359 1351 567 1434 singillatim
595 1348 859 1431 disseruissent,
888 1371 960 1414 non
990 1352 1203 1434 ignorarem.
1233 1349 1307 1414 Sed
1332 1374 1415 1435 quo-

208 1457 307 1518 ·niam
331 1456 485 1518 animum
509 1456 721 1518 induxeram
746 1455 939 1537 disputare,
967 1463 1086 1517 utrum
1111 1455 1147 1517 in
1171 1456 1288 1518 satiris
1311 1476 1357 1519 an
1380 1458 1415 1519 in

167 1645 169 1650 Ι
200 1562 376 1644 'epistulis
414 1558 556 1623 Horatii
591 1561 791 1622 sententiae
826 1559 1074 1621 invenirentur
1109 1560 1325 1640 crebrioreS,
1357 1581 1413 1624 me

206 1667 332 1730 ‘facere
364 1685 436 1728 non
466 1685 574 1747 posse
603 1666 798 1727 arbitratus
830 1685 918 1744 surn,
943 1664 1043 1746 quin,
1068 1665 1098 1726 si
1122 1664 1180 1726 via
1212 1674 1247 1727 et
1277 1666 1415 1729 ratione

208 1772 397 1853 disputare
426 1771 572 1849 vellem,
597 1768 763 1831 subtilius
795 1769 1040 1850 explorarem,
1065 1769 1195 1851 quibus
1224 1771 1269 1832 de
1300 1771 1416 1833 causis

208 1877 249 1946 in
292 1877 464 1938 alterutro
507 1883 710 1955 poematum
752 1893 888 1956 genere
931 1873 1132 1936 sententiae
1170 1874 1416 1936 invenirentur

208 1981 425 2048 crebriores.
801 2053 804 2059 ¹

318 2084 379 2146 An
399 2084 587 2165 quisquam
607 2083 719 2144 satius
735 2081 846 2144 fuisse
863 2091 978 2165 putat,
994 2083 1219 2165 singularum
1236 2103 1283 2144 ex
1299 2082 1416 2145 satiris

208 2188 449 2269 epistulisque
484 2196 737 2268 excerptarum
777 2187 1033 2249 sententiarum
1072 2188 1211 2249 ratione
1251 2185 1417 2249 confecta

208 2292 350 2354 directe
389 2291 639 2372 pronuntiare,
679 2291 714 2352 in
752 2299 833 2352 utro
870 2311 1006 2373 genere
1045 2292 1126 2371 plus
1161 2292 1417 2354 sententiarum

215 2397 372 2459 inesset?

319 2501 433 2582 Quam
466 2501 639 2563 rationem
669 2511 708 2561 ut
740 2500 827 2561 satis
852 2500 1057 2580 expeditam
1081 2519 1198 2581 neque
1222 2500 1312 2562 adeo
1337 2519 1417 2581 ope·

207 2627 332 2670 ⁴rosam
354 2625 434 2667 esse
459 2605 671 2683 existimavi,
689 2604 746 2682 ita,
764 2624 808 2665 ne
827 2623 905 2666 eam
925 2603 1060 2683 inirem,
1082 2604 1201 2666 multis
1226 2604 1418 2686 impeditus

208 2731 295 2774 sum
323 2710 450 2790 causis,
476 2729 564 2790 quas
589 2707 716 2770 afferre
739 2709 890 2791 longum
914 2716 978 2770 est.
1008 2708 1068 2769 Me
1093 2717 1212 2770 autem
1236 2708 1417 2790 disputan·

208 2825 287 2878 tem
312 2816 356 2876 de
380 2823 508 2876 natura
540 2813 730 2876 satirarum
761 2813 1067 2896 epistularumque
1103 2821 1139 2874 et
1174 2823 1418 2895 quaerentem,

208 2921 393 3002 -quomodo
418 2918 453 2979 in
476 2918 518 2979 iis
548 2918 818 2981 conscribendis
846 2927 1011 2979 versatus
1040 2926 1136 2979 esset
1159 2916 1343 2997 HoratiuS,
1367 2926 1416 2997 ut,

208 3044 327 3107 ·quare
351 3023 386 3084 in
411 3024 586 3084 alterutro
609 3032 814 3104 poematum
830 3041 966 3104 genere
990 3022 1189 3084 sententiae
1210 3022 1419 3104 legerentur

208 3130 426 3207 crebriores,
442 3127 582 3190 facilius
599 3128 871 3210 intelligeretur,
890 3147 937 3189 ex
958 3128 1010 3207 iis,
1028 3148 1119 3210 quae
1143 3128 1245 3213 multi
1269 3136 1305 3190 et
1321 3128 1419 3190 docti

215 3234 283 3295 viri
307 3232 537 3296 commentati
554 3242 666 3309 erant,
683 3232 860 3313 quidquid
877 3241 999 3314 aptum
1022 3232 1108 3295 mihi
1129 3251 1208 3295 esse
1224 3233 1419 3312 videretur,

214 3337 252 3398 in
275 3357 390 3399 meam
413 3357 487 3398 rem
505 3336 737 3415 convertisse,
755 3336 818 3397 vix
835 3355 1049 3418 quemquam
1065 3319 1184 3399 mirari
1208 3345 1269 3399 aut
1292 3336 1418 3419 impro-

208 3443 303 3503 bare
338 3440 565 3511 crediderim;
596 3450 715 3502 utrum
737 3460 824 3503 vero
861 3442 993 3503 certius
1026 3441 1111 3522 quid
1141 3451 1202 3503 aut
1234 3462 1367 3504 novum
1399 3462 1420 3503 a

207 3566 271 3609 rne
294 3547 440 3607 allatum
464 3544 509 3607 sit
534 3564 658 3624 necne,
683 3545 742 3606 alii
766 3545 988 3607 iudicabunt.
1012 3544 1105 3607 Utut
1129 3557 1248 3608 autem
1272 3555 1344 3607 est:

305 3719 427 3797 Vive,
452 3719 562 3780 vale!
593 3715 635 3780 Si
665 3718 763 3800 quid
792 3718 950 3781 novisti
979 3719 1139 3782 rectius
1168 3720 1278 3799 istis,

304 3823 517 3886 Candidus
546 3822 732 3904 imperti;
759 3823 792 3883 si
824 3842 918 3903 non,
942 3823 1006 3885 his
1035 3835 1153 3886 utere
1177 3843 1344 3886 mecum.

1110 3948 1174 4012 (En
1193 3949 1215 3995 Ι·
1235 3947 1258 3998 ⁶·
1279 3947 1311 4008 ⁶7
1332 3946 1384 4010 Sd)
