3240 5040
1326 347 1364 407 31

208 504 272 566 Est
297 504 452 585 quadam
475 502 619 584 prodire
642 512 757 582 tenus,
782 501 812 564 si
837 521 907 563 non
932 503 1036 563 datur
1061 502 1163 563 ultra.

1143 604 1202 672 [Epz
1223 609 1245 656 Ι.
1271 619 1290 656 1.
1312 605 1366 674 32]

210 713 324 776 Nemo
347 712 437 775 adeo
460 710 559 773 ferus
584 719 649 790 est,
674 721 713 773 ut
737 730 807 772 non
832 710 1020 772 mitescere
1044 711 1167 795 possit,

211 799 250 863 Si
273 800 378 863 modo
403 800 565 861 culturae
589 798 787 879 patientem
811 799 1011 859 commodet
1036 817 1166 860 aurem.

1077 901 1137 969 [Ee
1157 905 1178 952 1·
1203 916 1224 952 1·
1244 915 1278 969 39
1297 902 1367 971 squ]

210 1009 336 1072 Virtus
361 1019 416 1071 est
440 1008 564 1070 vitium
587 1006 716 1090 fugere
740 1017 775 1069 et
800 1007 974 1087 sapientia
996 1007 1111 1088 prima

210 1096 371 1160 Stultitia
394 1095 563 1157 caruisse,
1093 1109 1155 1178 [Ep.
1175 1113 1197 1158 Ι.
1220 1123 1240 1162 1.
1263 1125 1294 1175 41
1315 1110 1366 1179 sq.]

208 1218 324 1280 Vilius
348 1226 538 1299 argentum
557 1219 617 1279 'est
641 1234 738 1294 auro,
762 1214 955 1277 virtutibus
979 1235 1112 1277 aurum.
1145 1230 1205 1299 [Ep.
1225 1236 1247 1283 Ι.
1270 1247 1291 1283 1.
1314 1233 1365 1302 sa]

704 1335 920 1416 Quaerenda
941 1337 1094 1418 pecunia
1118 1338 1271 1419 primum
1296 1349 1368 1412 est;

209 1426 335 1490 Virtus
358 1435 440 1508 post
464 1425 642 1487 nummos!
1096 1439 1157 1507 [Ep.
1177 1445 1199 1493 1.
1225 1455 1245 1492 1.
1267 1454 1297 1506 53
1319 1442 1366 1509 sq.]

214 1549 260 1611 Et
284 1548 422 1610 animus
446 1546 522 1625 tibi,
548 1556 631 1608 sunt
654 1565 770 1608 mores
796 1554 831 1607 et
855 1544 979 1627 lingua
1001 1543 1174 1626 fidesque,

211 1633 285 1698 Sed
309 1634 580 1715 quadringentis
605 1652 671 1695 sex
694 1642 831 1714 septem
855 1632 951 1693 milia
974 1634 1122 1695 desunt:

209 1723 319 1784 Plebs
344 1721 423 1782 eris.
648 1776 650 1781 .
1061 1735 1136 1803 .[Ep.
1157 1740 1178 1787 I.
1202 1750 1221 1787 1.
1243 1746 1275 1801 57
1295 1736 1365 1804 sqq.]

687 1839 757 1902 Hic
781 1859 903 1902 murus
928 1859 1061 1902 aeneus
1087 1850 1181 1904 esto:

209 1930 268 1992 Nil
293 1928 455 1991 conscire
478 1927 557 2007 sibi,
581 1928 679 1990 nulla
700 1928 899 2007 pallescere
925 1930 1038 2008 culpa.
1136 1943 1198 2011 [up.
1217 1947 1239 1996 1.
1261 1946 1295 1995 60
1315 1944 1366 2013 sq.]

814 2047 909 2110 Rem
932 2047 1057 2129 facias,
1083 2069 1167 2122 rem,

211 2137 251 2202 Si
274 2136 402 2219 possis,
426 2144 535 2213 reete,
560 2134 695 2213 sinon,
720 2154 947 2215 quocumque
971 2137 1076 2197 modo
1100 2156 1184 2198 rem.

1094 2239 1156 2306 [Ep.
1175 2244 1196 2291 1·
1219 2254 1240 2290 1·
1261 2240 1294 2305 ⁶5
1314 2240 1364 2307 sq.]

210 2348 326 2410 Belua
359 2347 550 2408 multorum
585 2366 624 2408 es
661 2345 815 2427 capitum
850 2343 924 2431 [sel.
942 2343 1122 2432 ·popule];
1162 2366 1243 2409 nam
1281 2347 1367 2428 quid

1001 2453 1131 2514 sequar
1155 2443 1216 2495 aut
1240 2437 1368 2515 quem?

210 2522 301 2584 Pars
324 2520 506 2582 hominurn
530 2519 642 2602 gestit
667 2520 870 2582 conducere
895 2521 1059 2601 publica;
1085 2531 1168 2582 sunt
1192 2521 1253 2601 qui

210 2607 349 2671 Crustis
374 2618 409 2669 et
432 2607 547 2689 pomis
571 2606 699 2668 viduas
723 2617 899 2668 venentur
923 2626 1049 2669 avaras

209 2694 475 2776 Excipiantque
501 2712 616 2773 senes,
642 2712 732 2774 quos
756 2693 793 2755 in
816 2693 954 2755 vivaria
977 2695 1135 2767 mittant;

210 2782 334 2844 Multis
358 2781 500 2844 occulto
525 2779 656 2843 crescit
678 2799 737 2842 res
760 2778 916 2843 faenore.
1073 2795 1135 2864 [Ep.
1156 2800 1178 2850 1.
1201 2812 1222 2850 1.
1242 2800 1275 2862 76
1296 2799 1366 2868 sqq.]

344 2902 428 2964 Mea
451 2921 532 2964 curn
555 2910 695 2985 pugnat
718 2901 897 2964 sententia
921 2921 1054 2981 secum,

208 2989 314 3070 Quod
337 2988 450 3071 petiit,
475 2989 623 3070 spernit,
647 2989 787 3070 repetit,
812 2990 909 3070 quod
934 3009 1048 3071 nuper
1066 2991 1200 3070 omisit,

210 3077 367 3140 Aestuat
391 3085 427 3138 et
450 3074 545 3138 vitae
570 3076 796 3138 disconvenit
820 3077 945 3139 ordine
969 3085 1055 3155 tote,

211 3164 342 3242 Diruit,
367 3160 544 3242 aedificat,
569 3171 682 3224 mutat
707 3164 882 3244 quadrata
906 3164 1093 3225 rotundis?

211 3250 372 3314 Insanire
395 3259 502 3330 putas
526 3249 713 3312 sollemnia
736 3270 793 3312 me
817 3269 935 3331 neque
959 3251 1065 3329 rides,

208 3337 286 3402 Nec
311 3337 440 3399 medici
464 3337 581 3399 credis
605 3356 671 3398 nec
696 3338 872 3399 curatoris
896 3356 1016 3419 egere.
1076 3353 1138 3420 [Ep.
1158 3358 1180 3404 1.
1203 3368 1224 3410 1,
1244 3368 1276 3420 97
1297 3355 1365 3423 sqq.]

387 3454 539 3540 Sapiens
564 3478 636 3521 uno
659 3459 773 3521 minor
798 3469 852 3521 est
875 3459 972 3539 Iove,
998 3460 1109 3541 dives,

210 3547 330 3626 Liber,
354 3546 561 3624 honoratus,
585 3546 744 3627 pulcher,
769 3567 834 3608 rex
859 3546 1014 3627 denique
1039 3568 1175 3630 regum.

1078 3652 1138 3718 [Ep.
1159 3655 1179 3704 Ι.
1202 3665 1223 3703 1.
1246 3652 1294 3701 106
1314 3652 1366 3719 sq.]

211 3753 395 3836 Quidquid
419 3754 572 3816 delirant
595 3772 713 3837 regeS,
736 3756 944 3838 plectuntur
967 3757 1109 3819 Achivi.

212 3839 406 3921 Seditione,
432 3838 534 3921 doris,
559 3842 696 3904 scelere
720 3852 829 3923 atque
852 3844 1000 3907 libidine
1025 3853 1060 3906 et
1085 3844 1137 3905 ira

211 3925 338 3989 Iliacos
362 3929 455 3991 intra
478 3948 598 3991 muros
621 3938 795 4010 peccatur
819 3940 854 3993 et
878 3943 990 3993 extra.
1076 3947 1139 4013 [Ep.
1159 3951 1180 3999 Ι.
1201 3961 1223 4000 2.
1248 3962 1277 4013 14
1298 3948 1365 4017 sqq.]

211 4048 286 4112 Nos
309 4068 477 4113 numerus
501 4071 623 4113 sumus
648 4061 684 4114 et
706 4051 833 4136 fruges
858 4073 1068 4116 consumere
1093 4055 1179 4207 napiE.

1181 4157 1206 4207 p-
1226 4143 1248 4192 1·
1269 4154 1292 4192 2·
1313 4141 1367 4207 η]

211 4240 407 4304 Dimidium
429 4241 526 4322 facti,
551 4245 612 4325 qui
636 4243 766 4326 coepit,
789 4245 916 4306 habet:
941 4265 1067 4326 sapere
1091 4246 1201 4309 audel

209 4328 342 4410 Incipe.
368 4326 438 4410 Qui
460 4338 559 4392 recte
583 4330 729 4394 vivendi
753 4341 926 4414 prorogat
948 4333 1082 4411 horam,

210 4413 384 4478 Rusticus
409 4425 589 4499 expectat,
616 4418 699 4480 dum
723 4417 856 4481 defluat
880 4419 1009 4492 amnis;
1035 4431 1069 4482 at
1098 4420 1156 4482 ille

213 4499 363 4564 Labitur
387 4512 422 4566 et
446 4504 588 4566 labetur
612 4505 646 4566 in
671 4525 774 4569 omne
798 4507 966 4569 volubilis
992 4527 1129 4569 aevum.

1075 4611 1179 4676 [Ep-1·
1200 4623 1222 4664 2.
1244 4623 1276 4675 40
1296 4611 1366 4676 squ]
