3240 5040
222 329 258 371 12

218 482 456 544 communium
487 491 764 564 praeceptorum
800 500 958 542 normam
997 481 1238 543 iudicantibus
1273 483 1418 545 abunde

216 568 423 632 satisfaciat.

323 656 364 718 In
399 656 560 738 epistulis
596 675 682 717 vero
717 673 843 717 versus
883 655 1086 716 accuratius
1122 663 1158 717 et
1192 653 1417 718 artificiosius

217 739 435 825 compositos
471 761 551 804 esse
587 742 763 804 neminem
799 761 868 804 non
905 761 1159 804 concessurum
1199 760 1279 804 esse
1317 752 1416 824 put0,

218 849 325 911 quem
356 832 464 912 paulo
495 831 667 893 attentius
698 848 760 890 eas
792 829 969 910 inspicere
1003 848 1074 890 non
1109 828 1276 912 piguerit.
1312 829 1416 909 Quod

218 917 363 998 quidem
386 927 426 979 ut
444 915 581 980 faceret
598 915 770 978 Horatius
795 916 830 977 in
856 915 1018 998 epistulis
1042 915 1273 998 longioribus,
1297 917 1416 998 impel-

216 1004 358 1067 lebatur
392 1004 609 1086 argumenti,
641 1003 735 1084 quod
777 1004 1079 1084 pertractabatur,
1115 1003 1345 1084 amplitudine
1377 1012 1414 1065 et

217 1090 375 1153 virorum
410 1091 600 1173 dignitate,
630 1089 761 1171 quibus
796 1090 997 1161 scribebat;
1029 1089 1065 1151 in
1099 1089 1294 1151 minoribus
1329 1110 1415 1152 vero

216 1177 380 1259 epistulis
411 1178 503 1256 ide0,
535 1177 630 1258 quod
662 1185 842 1258 tamquam
868 1178 1080 1239 munuscula
1104 1177 1347 1256 mittebantur,
1371 1196 1415 1238 ne

215 1265 301 1345 quid
326 1266 371 1326 ab
400 1273 476 1326 arte
500 1264 649 1326 metrica
672 1264 817 1343 inesset,
843 1263 938 1345 quod
970 1283 1039 1325 non
1068 1263 1114 1324 ad
1139 1283 1296 1345 unguem
1320 1272 1416 1326 esset

216 1352 441 1434 castigatum,
463 1370 543 1413 eum
568 1349 775 1433 diligentius
800 1351 939 1412 cavisse
962 1351 1160 1431 putandum
1185 1361 1248 1413 est.
1274 1349 1313 1415 Si
1330 1371 1416 1413 vero

217 1438 451 1521 quaesiveris
480 1438 649 1520 quidnam
674 1457 803 1500 causae
832 1437 888 1516 sit,
920 1456 983 1499 cur
1015 1437 1144 1499 satirae
1177 1445 1212 1498 et
1240 1438 1415 1519 epistulae

213 1533 352 1588 tantum
384 1525 549 1587 differant
581 1525 723 1587 dicendi
754 1543 899 1607 genere,
928 1524 963 1585 id
995 1543 1075 1585 cum
1107 1544 1153 1586 ex
1186 1528 1313 1603 aetate,
1345 1546 1416 1606 qua

214 1620 405 1695 utrumque
433 1631 549 1695 genus
578 1611 697 1694 poesis
725 1610 949 1692 conscripsit,
977 1619 1051 1672 tum
1084 1631 1131 1673 ex
1163 1611 1239 1673 eius
1270 1613 1415 1674 mutatis

213 1700 340 1761 studiis
365 1698 583 1780 vivendique
608 1698 807 1761 rationibus
831 1707 984 1780 repetes.

319 1786 420 1849 Licet
451 1787 643 1848 admodum
677 1783 821 1848 difficile
853 1787 899 1847 sit
931 1805 995 1866 pro
1031 1794 1130 1847 certo
1162 1786 1297 1864 dicere,
1330 1797 1415 1867 quot

215 1892 326 1936 annos
351 1882 455 1936 natus
479 1873 538 1935 ille
562 1873 725 1955 singulas
749 1873 874 1935 satiras
892 1873 1135 1953 epistulasque
1152 1873 1414 1954 conscripserit,

213 1979 306 2040 cum,
331 1980 422 2042 quae
446 1961 481 2021 in
505 1960 591 2041 ipsis
616 1960 759 2042 scriptis
788 1960 1118 2041 deprehendantur,
1143 1979 1308 2042 magnam
1336 1980 1414 2041 par-

212 2056 286 2110 tem
310 2047 412 2109 nimis
437 2067 532 2130 vaga
555 2046 663 2128 atque
686 2047 880 2109 incertiora
903 2046 984 2124 sint,
1009 2065 1114 2127 quam
1138 2056 1178 2107 ut
1206 2047 1295 2108 certi
1319 2047 1413 2128 quic-

214 2153 320 2216 quam
336 2135 445 2197 statui
461 2135 584 2216 possit,
600 2136 669 2196 hoc
685 2143 806 2196 tamen
822 2134 914 2196 inter
931 2152 1053 2195 omnes
1071 2141 1226 2212 constat,
1243 2134 1414 2214 epistulas

214 2223 357 2284 duobus
395 2222 495 2284 libris
534 2241 751 2300 sermonum,
784 2221 924 2302 epodiS,
956 2220 1071 2282 tribus
1102 2220 1201 2282 libris
1236 2221 1413 2301 prioribus

213 2309 408 2371 carminum
432 2308 499 2369 iam
516 2308 622 2369 editis
647 2327 726 2370 esse
748 2308 970 2388 conscriptas
995 2309 1040 2368 ab
1064 2306 1224 2384 Horatio,
1243 2327 1322 2369 cum
1346 2308 1414 2369 iam

213 2395 324 2458 maior
341 2405 436 2457 esset
460 2404 564 2457 natus
582 2394 823 2477 quadraginta
846 2413 967 2456 annos.
994 2393 1053 2455 Ad
1070 2397 1166 2474 quod
1188 2395 1414 2474 probandum

213 2482 300 2544 satis
325 2501 404 2544 esse
429 2481 605 2561 existim0,
630 2501 677 2543 ex
701 2501 772 2544 uno
796 2482 873 2542 solo
897 2481 989 2543 libro
1017 2481 1043 2542 I.
1069 2482 1300 2561 epistularum
1329 2501 1413 2543 non-

213 2570 329 2631 nullos
353 2571 461 2648 locos,
486 2569 547 2650 qui
570 2569 616 2631 ad
640 2577 795 2630 aetatem
818 2568 912 2630 illius
936 2577 1111 2649 spectant,
1136 2569 1307 2630 attulisse.

255 2691 347 2754 Non
370 2693 514 2754 eadem
538 2701 602 2765 est
626 2700 758 2770 aetas,
784 2710 864 2753 non
887 2689 1062 2770 mensffl)
1221 2690 1265 2753 Et

256 2776 330 2841 Est
356 2779 454 2840 mihi
478 2786 699 2860 purgatam
724 2777 874 2840 crebro
899 2777 967 2859 qui
991 2788 1188 2858 personet
1213 2797 1368 2839 aurem:

258 2864 404 2940 „Solve
428 2873 718 2928 senescentem
741 2874 899 2927 mature
924 2884 1046 2926 sanus
1071 2885 1232 2945 equum,
1257 2863 1326 2926 ne“

259 2953 432 3026 ,Peccet
457 2953 506 3015 ad
530 2961 761 3014 extremum
785 2952 984 3013 ridendus
1009 2961 1048 3014 et
1071 2952 1144 3013 ilia
1167 2950 1381 3030 ducatl“⁶⁵)

211 3075 409 3155 respondet
439 3073 642 3137 Maecenati
675 3074 802 3153 amico,
831 3074 890 3155 qui
923 3093 1018 3151 eum,
1050 3082 1089 3135 ut
1120 3076 1164 3136 ad
1197 3094 1344 3136 versus
1373 3082 1412 3135 et

212 3171 354 3223 cetera
385 3160 603 3245 ludicralss)
635 3161 774 3239 redeat,
812 3161 1035 3233 cohortatur;
1068 3161 1270 3242 eidemque,
1306 3179 1411 3242 quem

208 3249 358 3310 moleste
381 3246 478 3310 ferre
501 3247 681 3330 opinatur,
707 3249 804 3329 quod
833 3248 908 3328 ipse
936 3247 1090 3309 Romam
1119 3248 1251 3310 reverti
1279 3247 1411 3310 diutius

211 3344 411 3415 cunctetur,
436 3335 576 3397 scribit:

252 3455 407 3537 Quodsi
435 3477 495 3519 me
523 3458 640 3518 noles
671 3475 843 3537 usquam
871 3456 1106 3535 discedere,
1132 3457 1284 3518 reddes

253 3543 380 3606 Forte
404 3545 528 3623 latus,
554 3544 699 3624 nigros
724 3551 904 3625 angusta
926 3542 1065 3605 fronte
1090 3543 1284 3624 capillos,

253 3631 425 3694 Reddes
450 3632 572 3693 dulce
597 3630 729 3712 loqui,
752 3630 903 3692 reddes
928 3630 1065 3692 ridere
1090 3631 1284 3692 decorum
1309 3637 1350 3691 et

252 3717 367 3781 Inter
393 3718 489 3780 vina
511 3716 652 3800 fugam
677 3714 852 3779 Cinarae
876 3736 1060 3779 maerere
1083 3714 1372 3800 protervae.⁶⁷)

210 3839 395 3989 Aliolpoco
420 3840 560 3903 Musam
582 3837 688 3901 Celso
706 3839 935 3902 Albinovano
959 3839 1110 3900 salutem
1134 3839 1253 3901 dicere
1278 3839 1411 3900 iussam

208 3945 301 4008 appe
330 3936 384 3989 at:

252 4029 296 4095 Si
321 4040 510 4113 quaeret,
535 4031 634 4113 quid
658 4051 791 4114 agam,
816 4031 896 4110 dic,
921 4032 1049 4094 multa
1073 4040 1113 4092 et
1137 4031 1311 4112 pulchra
1346 4030 1410 4092 mi-

1087 4126 1253 4180 nantem

250 4203 405 4268 Vivere
430 4224 505 4267 nec
530 4215 661 4287 recte,
687 4225 762 4268 nec
787 4206 992 4284 suaviter,

337 4293 433 4374 quia
463 4302 599 4355 mente
628 4292 761 4354 minus
785 4292 951 4353 validus
976 4312 1094 4374 quam
1119 4309 1294 4371 corpore
1318 4299 1410 4352 toto

250 4379 318 4440 Nil
342 4381 487 4442 audire
512 4380 650 4458 velim,
668 4380 725 4441 nil
750 4379 929 4458 discere,
954 4382 1063 4460 quod
1088 4380 1200 4440 levet
1224 4395 1413 4460 aegrum,

311 4534 346 4602 Μ)
367 4539 416 4602 Ep.
435 4538 457 4586 1.
479 4548 501 4590 1.
521 4552 544 4599 4.
565 4563 598 4573 -
617 4532 651 4602 ⁶⁶)
671 4537 721 4601 Ep.
736 4538 757 4586 1.
782 4547 800 4585 1.
822 4546 837 4598 7
857 4551 914 4599 sqq.
929 4562 962 4573 -
976 4533 1012 4601 ⁶⁰)
1027 4536 1077 4599 Ep.
1092 4536 1113 4583 1.
1131 4546 1152 4584 1.
1170 4546 1208 4583 10.
1224 4560 1256 4570 -
1270 4531 1306 4599 ⁶⁷)
1320 4535 1371 4598 Ep.
1385 4535 1409 4581 I.

206 4618 230 4671 7·
250 4618 281 4671 25
303 4623 360 4671 sqq·
